2968 5084
3 1357 5 1412 l
95 1361 310 1430 Venetorum
336 1351 423 1449 urbs,
447 1370 578 1434 marium
602 1370 760 1453 quondam
776 1373 1091 1454 reginanunoopata,
1113 1393 1205 1456 quae,

3 1473 5 1494 '
103 1475 239 1540 Romani
263 1481 384 1560 imperii
405 1482 531 1564 similis,
553 1504 572 1545 e
595 1482 722 1544 minima
744 1482 881 1544 maxima
903 1483 1029 1560 evasit,
1052 1481 1206 1543 adsum·
1314 1554 1325 1572 .

103 1602 186 1646 mam
211 1587 343 1667 gloriam
367 1607 406 1650 ao
429 1589 601 1669 potentiam
624 1589 664 1650 ab
689 1589 831 1650 Henrioo
853 1587 997 1650 Dandnlo
1019 1587 1100 1650 drroe
1122 1608 1205 1650 ove·

102 1702 158 1756 ota
191 1706 262 1774 est,
301 1707 470 1778 postquam
507 1699 610 1760 lraoto
642 1706 739 1787 atque
774 1716 890 1758 everso
922 1717 1024 1776 paene
1054 1697 1221 1779 Byzantii⁴

98 1799 235 1880 imperio
258 1804 350 1885 leges
371 1786 533 1885 imponere
562 1823 662 1867 ausus
683 1813 744 1867 est.
789 1803 950 1867 Venetiae
971 1813 1076 1867 autem
1110 1823 1204 1883 quum

99 1927 205 1988 neque
235 1912 324 1989 paois
352 1913 473 1974 artibus
497 1925 642 1977 carerent
664 1934 769 1996 neque
791 1933 895 1976 rerum
919 1922 1078 1994 gestarum
1102 1913 1205 1995 gloria

86 2001 271 2080 'ullimedii
294 2019 369 2081 aevi
391 2021 521 2101 imperio
544 2022 714 2099 oederent,
737 2031 858 2084 tautum
881 2023 1043 2102 potentiae
1065 2021 1202 2082 Dandn'li

102 2124 224 2184 virtute
240 2135 441 2214 ,consecutae
462 2135 558 2204 suut,
581 2137 615 2188 ut
638 2125 771 2204 Genua,
797 2127 850 2190 diu
874 2145 980 2188 eorum
1004 2127 1128 2188 aemula
1143 2137 1205 2189 *at-

3 2225 5 2266 l
113 2249 179 2310 que
200 2233 343 2312 inirnioa,
371 2235 427 2295 vix
448 2255 520 2297 eum
545 2236 583 2297 iis
606 2235 800 2299 oontendere
821 2245 998 2300 oonaretur.
1041 2235 1122 2296 'tum
1148 2233 1207 2294 de-

115 2355 210 2434 mum,
233 2357 324 2420 quum
347 2337 540 2404 Gennenses
562 2343 592 2403 in
611 2362 677 2405 retn
701 2345 888 2404 maritimam
914 2345 1019 2424 magis
1040 2343 1207 2406 incumbe·
1295 2419 1297 2424 Ι

105 2450 185 2518 rent,
206 2443 393 2524 sedatisque
415 2445 577 2526 paulisper
590 2447 819 2510 certaminibus
831 2449 892 2510 illis
908 2447 1075 2528 intestinis,
1096 2449 1209 2528 quibus

78 2577 80 2582 v
101 2567 159 2629 per
181 2559 228 2612 tot
249 2555 380 2616 saecula
401 2549 631 2636 fatigabantur,
654 2557 951 2637 eumtapostolieae
973 2554 1062 2618 sedis
1076 2555 1209 2618 inimicis

101 2671 240 2736 eumque
265 2659 465 2724 Christianae
488 2661 560 2724 fidei
584 2663 729 2724 hostibus
749 2667 942 2724 'societatem
967 2663 1113 2742 inissent,
1132 2661 1206 2725 Ve-
1284 2653 1299 2724 f
1344 2640 1346 2644 ,

3 2755 5 2862 ζ
101 2773 247 2826 notorum
270 2769 409 2846 potentia
434 2771 651 2846 minuebatnr3
677 2767 1077 2830 nibilominusadexitium
1102 2787 1208 2849 usque

3 2863 4 2880 ²
102 2870 260 2934 libertatis
283 2875 357 2935 urbs
380 2876 501 2952 gloriae
523 2876 696 2956 splendore
719 2875 866 2956 quodam,
889 2894 908 2936 a
927 2875 1096 2938 maioribus
1107 2876 1203 2938 bere-

104 2975 211 3038 ditatis
236 2980 327 3059 quasi
351 2981 415 3041 iure
439 2982 564 3062 tradito,
588 2982 722 3062 irrsignir
745 2982 819 3063 luit..
857 2981 961 3062 Quae,
984 2977 1044 3042 etsi
1068 2981 1209 3048 aeran-

3 3103 4 3154 t
105 3087 243 3166 eogallis
265 3088 395 3168 dornite,
418 3109 611 3152 summorum
635 3098 799 3170 puetarum
824 3088 1018 3152 earnrinibus
1034 3088 1208 3172 celebrata,

3 3267 5 3288 Ι
108 3180 267 3256 libertatis
288 3197 431 3276 perditae
454 3208 621 3278 superstes
645 3198 724 3276 fuit,
747 3205 843 3278 atque
866 3196 1073 3257 libentissime
1094 3213 1206 3256 reeor-

3 3343 5 3400 ὲ
111 3297 270 3362 dabantur
292 3313 323 3364 et
337 3304 453 3366 Veneti
476 3317 591 3384 poetae
613 3313 645 3363 et
668 3301 789 3363 externi
812 3301 961 3380 pristinae
981 3300 1062 3361 illius
1086 3301 1211 3362 uirtrrtis
1278 3303 1280 3307 ’

111 3417 143 3468 et
173 3409 306 3490 gloriae.
359 3410 419 3485 Qui
456 3409 646 3490 reipublicae
678 3408 824 3468 Venetae
856 3405 1006 3486 splendor
1038 3409 1209 3488 praecipue

108 3509 302 3580 deriuandus
328 3531 381 3582 est
404 3540 423 3580 a
446 3527 558 3600 quarta
591 3515 792 3598 expeditione
820 3531 932 3594 saera,
966 3533 1059 3594 quam
1082 3515 1211 3575 ineunte

105 3625 237 3687 saeculo
262 3625 385 3688 deoinro
408 3630 501 3687 tertio
524 3646 543 3686 a
564 3624 721 3686 nobilibus
746 3623 974 3704 erancogattis,
1000 3622 1100 3697 italis,
1124 3621 1211 3684 Ger-

3 3789 5 3822 ,
109 3733 213 3792 manis
234 3735 410 3796 institutam
433 3737 562 3798 seimus.
607 3734 669 3812 Qui
699 3751 795 3794 orrreo
827 3733 946 3812 signati
974 3749 1068 3812 quum
1093 3730 1212 3791 Hiero-

3 3867 5 3884 ·
107 3839 308 3921 solymorum
339 3861 438 3924 regno
461 3842 680 3904 succumbenti
715 3841 789 3902 nibil
815 3837 994 3901 edmiuionli
1017 3839 1212 3919 attulissent,

107 3946 226 4026 quippe
254 3951 309 4028 qui
340 3967 379 4008 ne
406 3949 590 4031 attigissent
619 3945 742 4028 quidem
768 3939 882 4006 terram
906 3952 1073 4024 sanctam,
1102 3955 1211 4006 tamen
1319 3955 1322 3962 “

108 4049 295 4134 expugnato
318 4053 594 4136 Constantinopoli
628 4073 764 4116 annovam
788 4053 974 4116 sranctamu
997 4057 1044 4134 ¹),
1075 4061 1121 4114 ut'
1139 4070 1210 4115 enm

129 4241 159 4306 i)
177 4243 289 4322 „lblque
307 4245 417 4296 noviter·
434 4247 509 4310 quast
520 4245 600 4297 Nora
611 4245 727 4296 llraneia
744 4249 786 4295 est
803 4245 930 4296 ereate.“
948 4248 1048 4296 Houor.
1060 4247 1107 4296 ΙΙΙ.
1120 4260 1163 4308 ep.
1175 4247 1207 4298 ad

182 4337 304 4403 reginem
324 4339 536 4405 Franoogalllae
556 4339 623 4396 dd.
644 4339 725 4390 test.
744 4352 770 4390 a.
785 4339 809 4405 d,
829 4333 904 4396 xtlt.
924 4339 985 4388 Kal.
1007 4341 1064 4390 lun.
1082 4344 1160 4398 (ms.)

997 4430 1011 4491 l
