2968 5084
725 486 913 546 ..8-

269 667 341 730 illud
371 665 517 752 quidem,
549 670 634 754 quod
663 671 854 747 „historiam
884 669 1115 752 Byzantinam“
1136 675 1163 746 ¹)
1198 665 1375 746 inscripsit,
1446 659 1449 666 '

270 780 402 860 p'urima
424 784 564 842 continet
585 788 776 854 stemmata,
805 798 886 861 quac
908 788 941 840 et
964 778 1150 840 familiarum
1174 777 1374 840 Constanti·
1455 834 1456 837 ,

272 886 375 965 nopoli
398 886 621 950 dominantium
635 884 833 949 Graecarum
849 876 1041 967 aliarumque
1062 902 1134 945 cum
1150 884 1190 962 iis
1206 884 1375 946 affinitatis

268 993 394 1054 uinculo
423 999 660 1057 coniunctarum
690 1012 743 1055 res
772 992 890 1073 optime
917 1001 1096 1073 exponunt,
1127 1003 1160 1055 et
1191 994 1371 1072 'lurcorum

272 1099 464 1180 illyriaeque
486 1100 638 1162 historiae
659 1108 781 1163 tantum
804 1099 929 1160 luminis
950 1097 1096 1177 afferunt,
1123 1108 1156 1159 ut
1177 1080 1260 1160 anno
1290 1099 1375 1161 1746

271 1223 378 1266 comes
396 1206 550 1288 Iosephus
564 1206 746 1287 Keglevich
770 1224 789 1266 a
808 1206 919 1266 Buaim
934 1209 964 1275 ⁹)
988 1224 1056 1266 eam
1080 1215 1212 1286 partem,
1234 1225 1317 1287 quae
1329 1206 1373 1267 de

268 1312 372 1394 lllyria
386 1320 508 1392 exstat,
529 1313 633 1376 denuo
643 1311 883 1395 imprimendam
900 1321 932 1372 et
944 1311 1188 1374 continuandam
1199 1311 1374 1378 curaherit.

271 1420 397 1496 Quoia
422 1410 519 1502 opere
543 1423 728 1504 Ducangius
751 1440 804 1482 ros
827 1421 1022 1484 Francorum
1043 1421 1173 1501 saepius
1197 1415 1377 1502 attigit,'et
1472 1403 1473 1444 ³

272 1549 394 1594 summa
412 1547 483 1591 curn
495 1539 564 1592 arte
575 1531 683 1592 critica
705 1531 820 1592 tabulis
841 1510 1092 1616 genealogicisa
1108 1529 1273 1596 Comueno
1289 1504 1397 1610 quo-⁸

270 1637 381 1710 dant)
396 1637 844 1718 compositis-questamon
868 1639 1028 1722 erroribus
1050 1647 1081 1698 et
1104 1639 1220 1700 tabulis
1242 1651 1377 1703 scatere
1473 1709 1474 1720 1

272 1744 474 1805 menifestum
490 1753 588 1806 est-
603 1763 680 1806 usus
696 1755 756 1816 est,
782 1766 877 1828 quum
891 1745 967 1808 licta
983 1745 1145 1822 refelleret
1158 1765 1261 1826 neque
1273 1749 1374 1828 quic·

270 1870 378 1932 quam,
395 1852 553 1935 ‘nisiquod
570 1854 807 1934 comprobatum
823 1864 901 1930 erat,
922 1873 963 1915 ex
986 1855 1024 1916 iis
1045 1855 1076 1916 ln
1097 1871 1187 1914 suam
1204 1854 1372 1916 historiam

272 1962 439 2042 reciperet.
462 1963 574 2045 ltaque
585 1963 724 2046 gentium
741 1969 772 2023 et
783 1963 1021 2024 Lasoarinaeet
1036 1961 1220 2022 comnenae
1242 1981 1375 2043 gunea·
1474 2015 1475 2054 ἕ

273 2070 376 2150 logias
393 2072 509 2148 optime
525 2081 557 2135 ot
572 2069 812 2132 aocrrratissime
834 2069 983 2150 exposuit
1003 2077 1036 2130 et
1052 2085 1160 2149 ‚nugas
1183 2069 1272 2148 illas·,.
1289 2087 1375 2151 quas

274 2176 371 2238 lulius
382 2176 505 2240 Puteus
516 2176 549 2256 ⁴)
572 2177 612 2238 de
630 2177 818 2242 lrascariurn
841 2185 874 2238 et
897 2176 1086 2237 Laurentius
1104 2177 1265 2238 Miniatius
1282 2179 1309 2245 1)
1333 2176 1377 2238 de

272 2285 506 2348 Comnenorum
532 2283 701 2364 splendore
724 2283 866 2364 prolerre
887 2283 957 2344 ausi
980 2291 1070 2360 suut,
1093 2283 1188 2362 plane
1210 2282 1373 2346 refutavit.

274 2390 389 2450 Mirum
412 2397 521 2466 certe,
550 2387 747 2446 Demetrium
771 2388 928 2467 quondam
953 2385 1191 2460 Coronenumt)
1213 2399 1287 2450 ante
1308 2389 1370 2451 hos
1475 2387 1476 2390 ’

273 2495 477 2575 septuaginta
500 2511 611 2573 annos,
633 2493 766 2564 easdem
789 2492 856 2554 lere
877 2493 1002 2555 fabulas
1025 2495 1220 2575 protulisse,
1242 2497 1309 2575 qui,
1336 2506 1371 2558 ut

271 2605 379 2685 gentis
401 2620 479 2664 suae
501 2599 701 2681 splendorem
724 2609 873 2680 augeret,
897 2601 1063 2684 liucangio
1084 2600 1177 2664 fidem
1192 2603 1376 2666 nonhabuit
1476 2643 1477 2650 κ

276 2721 307 2772 et
331 2709 467 2771 llliuiatii
492 2725 592 2789 nugas
615 2706 747 2786 recepit.
1295 2709 1298 2714 '

358 2841 458 2908 Multo
487 2845 594 2899 nutem
624 2834 751 2928 maioris
782 2832 931 2896 momenti
961 2832 1000 2920 ad
1031 2833 1196 2896 historiam
1227 2836 1377 2898 llranco·

277 3029 513 3040 ..ι-*-

293 3152 324 3212 1)
344 3153 463 3204 Historia
490 3153 646 3216 Byzantina
672 3155 772 3234 duplici
799 3156 992 3206 commentario
1020 3131 1155 3208 illustrata
1173 3162 1222 3208 otc.
1257 3156 1377 3208 Parisiis.

241 3288 263 3314 ,—
343 3248 425 3304 tuso.
444 3248 493 3298 iol.

293 3349 325 3412 2)
345 3349 484 3411 illyricum
504 3359 587 3404 vetus
605 3359 631 3404 et
648 3365 757 3404 novum.
793 3350 1009 3402 Posonii.1746.
1029 3349 1078 3400 iol.

291 3456 321 3509 6)
341 3451 416 3518 Quae
433 3453 622 3518 genealogiae,
641 3465 658 3503 a
674 3455 695 3503 1.
715 3455 798 3506 Andr.
809 3453 917 3518 Angeia
930 3451 1027 3502 Fluvio
1039 3449 1175 3502 Comneno
1195 3448 1377 3514 conscriptae,

342 3545 462 3597 Venetils
481 3558 507 3594 a.
525 3543 608 3595 1621.
626 3545 676 3599 iol.
694 3545 721 3595 in
740 3545 826 3594 lucem
843 3546 1009 3606 prodierunt.

292 3648 325 3707 4)
344 3649 495 3711 imperialis
511 3651 601 3714 gentis
619 3649 745 3704 nascaris
769 3649 932 3714 genealogie
958 3648 991 3715 (a
1010 3647 1079 3700 lulio
1094 3647 1177 3698 Puteo
1195 3646 1381 3712 conscripta).

344 3741 480 3795 Veronae.
499 3740 581 3790 1666.
599 3739 646 3791 iol.

293 3842 324 3898 o)
344 3841 407 3890 Lor.
425 3841 529 3892 illiniati
547 3843 639 3894 illatio
662 3847 761 3895 cadule
778 3844 841 3894 dell’
859 3842 1043 3894 antichissima
1069 3839 1099 3892 ed
1117 3827 1310 3915 augustissima
1334 3836 1381 3886 ta-

342 3932 437 3992 magua
454 3930 599 3984 Comnena.
635 3934 766 3986 Veneria.
787 3937 867 3984 1666.
882 3925 932 3988 'roa

296 4035 325 4096 6)
345 4033 462 4092 Demetr.
481 4029 619 4084 Cumaeae
642 4029 734 4085 Paion
758 4033 904 4098 historique
926 4033 960 4084 de
986 4035 1014 4084 la
1039 4033 1141 4082 maison
1165 4024 1310 4093 imperiale
1333 4029 1380 4078 des

344 4103 507 4180 comnenae.
545 4127 721 4180 dmeterdam.
741 4128 823 4186 iret.
841 4129 869 4178 θ.
904 4129 941 4182 ci.
960 4125 1049 4182 lettre
1067 4127 1098 4176 de
1116 4125 1149 4178 D.
1170 4116 1309 4173 donnons
1326 4121 1380 4169 cic.

346 4220 426 4276 1807.
443 4225 471 4275 8.
