2968 5084
566 517 750 576 ..5-

109 711 146 764 et
168 701 286 764 divitiis
312 701 500 782 luxuriaque
522 698 697 781 pollerent,
725 707 758 760 et
778 698 970 782 magnificae
992 697 1105 762 domus
1126 710 1211 764 tem-

109 810 230 892 plaque
255 817 512 882 enumerentur,
542 807 743 887 maximaque
769 805 937 868 multitudo
966 815 998 869 et
1028 807 1211 869 Latinorum

108 927 145 980 ct
174 915 372 978 Graecorum
405 913 564 974 hominum
596 911 636 972 ihi
664 912 848 984 eorrflueret.
906 911 988 988 Quis
1022 932 1115 992 porro
1145 921 1213 974 tota

108 1024 253 1089 Graecia
274 1039 368 1084 arces
391 1021 539 1085 nobilium
563 1019 757 1080 Francorum
782 1015 970 1081 aedificatas
992 1020 1106 1096 nescit,
1127 1039 1211 1102 qua-

108 1152 180 1194 rum
210 1130 326 1194 rudera
358 1138 467 1191 nostra
499 1129 593 1190 etiam
625 1137 733 1196 aetate
765 1129 875 1191 videre
904 1131 979 1192 lieet
1003 1131 1211 1212 Bodouitcae,

6 1253 8 1262 ’
108 1240 292 1312 Passavae,
315 1234 489 1315 calepiam,
510 1233 707 1316 Carytenae,
729 1235 835 1315 Naxi,
858 1236 927 1298 aliis
949 1237 1052 1304 locist
1096 1240 1211 1303 Omnia

109 1329 248 1427 denrdue
277 1343 392 1425 oppida
420 1343 604 1404 recentioris
628 1341 808 1422 Graeciae,
842 1363 924 1425 quae
948 1333 1127 1431 „Kdocpo“
1157 1348 1210 1409 vel

111 1439 419 1537 „llcictoxduupo“
439 1451 600 1532 dicuntur,
630 1451 722 1512 istius
753 1445 906 1534 temporis
934 1451 1052 1515 leudaii
1075 1453 1212 1516 dominio
1294 1519 1299 1531 „

111 1563 269 1646 originem
297 1561 413 1622 debere
441 1567 576 1622 constat.
633 1559 793 1622 Ducatum
823 1560 1050 1624 Atheniensem
1078 1579 1160 1624 anuo
1183 1581 1213 1642 p.

112 1670 190 1732 Chr.
214 1689 243 1730 u.
267 1669 347 1730 1456
368 1668 526 1728 interiisse
545 1669 686 1744 scimus3
715 1685 820 1747 neque
852 1685 929 1728 vero
952 1668 1112 1730 tam‘leve
1136 1669 1212 1730 exi·

111 1793 277 1860 guumque
296 1792 410 1835 nornen
431 1775 502 1834 eius
525 1773 601 1852 luit,
626 1781 660 1833 ut
681 1773 764 1833 nulio
787 1775 927 1854 vestigio
950 1775 1060 1836 relicto
1082 1773 1214 1838 oecide-

111 1893 170 1944 ret.
215 1880 321 1958 Quum
351 1881 435 1940 enlm
462 1879 492 1938 iu
521 1878 590 1940 cius
620 1877 751 1942 historia
772 1879 928 1959 plurimos
953 1880 1042 1942 locos
1065 1880 1210 1962 poeticae

112 1990 174 2052 arti
198 1985 396 2050 exercendae
416 1985 601 2066 aptissimos
622 1985 780 2065 invenias,
801 1987 905 2066 poetis
927 1987 1043 2049 tradita
1065 1998 1125 2061 est,
1149 1990 1215 2051 ita·

6 2129 8 2192 1
114 2119 180 2181 que
209 2101 355 2159 loannem
381 2097 631 2170 Boccaocimu¹J
663 2095 788 2156 ouidarn
819 2097 948 2158 fabulae
965 2115 1045 2158 suae
1068 2099 1215 2162 rronnulla

125 2226 170 2268 cx
200 2204 329 2266 historia
367 2202 503 2264 ducatus
541 2203 747 2264 Atheniensis
781 2203 968 2265 innexuisse
1012 2205 1215 2270 manifestum

122 2322 186 2392 est,
214 2312 244 2374 id
273 2303 359 2394 quod
381 2316 413 2374 in
435 2303 649 2392 descriptione
678 2311 748 2372 eius
771 2310 918 2373 historica
941 2313 1003 2374 alio
1026 2313 1098 2400 loco
1122 2331 1215 2376 com·

116 2420 306 2502 probaturus
328 2436 409 2480 sum.
454 2420 561 2498 Atque
590 2417 680 2479 ducis
714 2437 827 2480 unomen
856 2429 969 2498 postea
991 2418 1031 2480 ad
1054 2421 1214 2486 'l'heseum

114 2529 299 2590 translatum
323 2545 409 2601 esse,
429 2525 517 2587 multi
539 2534 701 2605 poetarum
725 2525 784 2587 loci
809 2523 1043 2590 demonstrant·
1080 2529 1216 2595 Bantius
1267 2517 1268 2520 ¹

113 2627 302 2710 Aligherius
334 2626 403 2705 illc,
433 2625 506 2687 dum
529 2625 691 2708 Virgilium
713 2645 808 2688 suum
831 2647 903 2690 cum
925 2630 1106 2695 Minotauro
1126 2631 1218 2718 tingit

113 2736 311 2817 loquentem,
331 2735 374 2796 ita
396 2733 471 2794 dicit
485 2736 530 2807 lJ:
648 2789 655 2802 ‚

287 2850 363 2930 „bo
385 2847 479 2910 savio
501 2847 564 2909 mio
586 2848 677 2910 inver
697 2851 741 2911 lui
762 2848 873 2937 gridd:
896 2853 999 2917 'Fossa

283 2960 361 3040 „Tu
382 2959 469 3020 credi
492 2955 534 3021 de
556 2954 610 3040 qui
631 2959 702 3020 sia’l
725 2960 816 3021 noea
837 2959 1009 3040 d'Athane,

282 3068 386 3149 „Che¹
402 3063 442 3129 sir
464 3068 515 3130 nel
536 3067 653 3129 mondo
676 3067 706 3128 la
729 3081 831 3131 morte
853 3071 875 3131 ti
896 3067 1027 3151 porse.“

115 3190 219 3251 Porro
241 3185 346 3250 madio
368 3204 451 3246 aevo
470 3185 651 3247 Thebarum
682 3182 842 3246 dominum
867 3185 1110 3268 Francogallica
1132 3207 1218 3254 voce

9 3287 10 3318 ³
116 3297 236 3376 „sire“
262 3293 453 3374 appeliatum
483 3310 577 3371 esse,
610 3301 643 3354 et
672 3291 791 3354 Graeci
817 3301 849 3354 et
869 3295 1113 3377 ‚Francogallici
1145 3304 1217 3364 eius

114 3403 270 3484 temporis
299 3403 472 3482 scriptores
501 3397 637 3479 doeent3
668 3420 729 3482 quo
758 3405 951 3484 cognomine
978 3401 1060 3466 idem
1081 3407 1219 3472 Daulias

10 3483 12 3562 i
113 3511 320 3572 Pisistratum
349 3517 458 3586 notat,
488 3527 583 3589 quum
606 3509 637 3569 in
659 3508 765 3570 fabula
786 3510 922 3592 quadam
945 3513 1116 3578 eValerio
1139 3518 1215 3581 hla-

10 3633 11 3674 t
116 3621 204 3682 ximo
217 3622 248 3692 ³)
269 3622 374 3680 sumta
396 3619 555 3680 mulierem
579 3617 675 3679 iaciat
698 3619 929 3703 exclamantem
942 3621 993 3694 ‘lt

11 3931 12 3938 ¹
133 3908 166 3972 1)
186 3907 335 3958 coecaceio
353 3908 377 3958 11
392 3906 586 3960 Decameroue.
605 3901 750 3954 Glornada.
770 3899 805 3952 ll.
825 3897 944 3951 Novella
964 3897 1025 3952 vlt.
1044 3899 1218 3950 1111751).-

184 4003 258 4050 8tta.
277 4001 332 4054 (ed.
350 3999 412 4048 Ain.
432 3997 560 4054 venecia.
583 3994 678 4057 1515.)

132 4094 165 4158 2)
183 4093 273 4142 Dante
290 4091 407 4142 luteruo.
427 4091 487 4142 xtl.
512 4089 625 4136 16-18.

136 4191 168 4254 3)
188 4188 282 4238 Valet.
301 4187 371 4236 Max.
392 4187 424 4235 V.
445 4183 465 4234 1.
485 4189 541 4239 ext.
559 4183 587 4230 2.

136 4277 168 4340 4)
187 4279 276 4328 Dante
294 4273 462 4339 Purgatoriot
481 4274 538 4325 XV.
556 4275 672 4323 tlt-tlt.
