2968 5084
283 715 424 778 Honorio
448 735 528 798 papa
551 719 643 780 tertio
666 718 787 802 loquar,
811 719 840 780 in
864 716 1006 783 Graecia
1027 719 1244 782 condiderunt
1267 721 1384 802 Neque

284 842 362 884 vero
385 823 436 884 diu
458 833 625 906 superstes
648 825 706 888 tuit
727 827 887 905 imperium
911 827 986 888 illud
1009 829 1383 908 Franco-Byzantiuum,

281 930 340 992 sed
366 941 438 1012 post
465 931 691 1014 quinquaginta
712 945 836 1012 septem
860 952 962 994 aranos
984 935 1121 1010 interiit,
1151 956 1247 1018 quum
1264 935 1385 999 Graeci

282 1041 442 1122 principes
477 1061 587 1104 rursus
619 1043 696 1103 urbe
729 1043 818 1122 potiti
852 1052 960 1104 essent
995 1043 1206 1109 Constantini.
1256 1045 1384 1106 Diutius

281 1147 478 1210 Francorum
500 1154 654 1230 potestati
677 1151 824 1213 subditae
841 1153 1009 1214 muniebant
1024 1155 1096 1215 illae
1117 1155 1278 1238 regiones,
1301 1171 1386 1242 quae

289 1257 417 1337 proprie
447 1257 633 1319 dicebantur
661 1256 822 1340 Graecia,
854 1281 999 1342 quaeque
1025 1264 1194 1348 maximam
1220 1271 1340 1342 partem
1365 1281 1385 1322 a

282 1366 396 1432 'l'urcis
418 1366 542 1428 demum
568 1377 641 1447 post
666 1370 773 1432 urbem
796 1381 922 1450 captam
945 1371 1083 1432 domitae
1094 1380 1177 1444 sunt,
1201 1389 1297 1452 quum
1313 1369 1384 1429 sin-

280 1473 348 1554 guli
391 1472 568 1554 dynastae,
601 1475 823 1538 discordantes
855 1479 934 1538 iuter
964 1495 1020 1556 se,
1051 1476 1195 1540 hostibus
1221 1475 1385 1538 introitum

281 1578 440 1644 Graeciae
463 1583 671 1662 aperuissent.
715 1583 836 1646 Omnes
857 1595 964 1667 antem
985 1577 1202 1666 principatus,
1226 1593 1383 1666 quotquot

281 1697 355 1769 poet
374 1689 541 1768 imperium
564 1709 582 1750 a
605 1687 744 1752 Graecis
765 1689 805 1754 ad
827 1691 970 1752 Francos
992 1693 1199 1773 translatum,
1218 1695 1251 1754 iu
1274 1691 1384 1751 Euro·

279 1817 362 1880 paea
377 1799 547 1878 Byzantini
573 1799 692 1878 imperil
709 1807 801 1878 parte
821 1801 1008 1878 extiterunt,
1032 1800 1224 1880 reipublicae
1233 1800 1384 1860 Venetae

277 1903 423 1984 spiritum
447 1903 622 1966 debuerunt
651 1904 797 1985 vitalem,
833 1913 866 1964 et
897 1905 1044 1983 quamvis
1075 1925 1136 1966 uon
1168 1905 1308 1966 universi
1338 1903 1383 1965 illi

279 2015 416 2078 Venetis
453 2017 567 2078 luerint
601 2015 721 2076 subditi
756 2015 810 2076 vel
839 2014 1012 2095 tributarii,
1052 2023 1158 2076 tamen
1180 2015 1220 2076 iis
1238 2022 1384 2076 tantum·-

277 2121 372 2184 modo
387 2123 450 2184 nixi
470 2132 580 2184 corttra
593 2120 740 2185 Graecos
762 2131 793 2183 et
816 2121 942 2183 luteas
964 2140 1002 2182 se
1017 2123 1183 2182 sustinere
1201 2121 1381 2182 caluerunt.

276 2231 363 2294 luter
392 2233 542 2292 civitates
570 2228 729 2292 Graeciae
759 2238 886 2306 autem,
920 2247 1004 2311 qnae
1033 2229 1167 2310 propriis
1194 2228 1255 2290 isto
1284 2225 1379 2288 medii

190 2412 192 2416 ,
277 2340 352 2402 aevi
374 2341 505 2402 saeculo
529 2339 722 2418 principibus
744 2338 917 2418 parebant,
950 2339 1088 2398 maxime
1110 2337 1240 2417 antiquo
1266 2319 1379 2414 splen-

278 2447 356 2510 dore
379 2448 556 2512 micuerunt
581 2447 747 2526 Athenae,
778 2457 809 2508 et
833 2467 927 2528 quum
958 2447 1061 2510 dcuuo
1084 2448 1315 2522 effloruissent‚
1344 2452 1378 2504 et

277 2570 395 2635 quum,
425 2560 472 2613 tot
501 2559 651 2632 tantaque
680 2551 747 2626 ¹fata
778 2571 969 2633 perpessae,
1003 2573 1160 2635 nunquam
1189 2571 1209 2614 a
1240 2551 1380 2618 Graecis

250 2661 414 2744 ¹dominis
437 2660 634 2722 Francorum
665 2661 815 2742 potestati
846 2671 977 2742 ereptae
999 2661 1132 2724 fuerint..
1167 2659 1270 2722 Cuius
1291 2659 1378 2720 urbis

275 2777 381 2832 status
407 2770 510 2847 qualis
540 2777 614 2848 post
642 2779 785 2850 quartam
815 2768 1050 2848 expeditionem
1078 2785 1206 2830 sacram
1228 2767 1268 2829 ad
1291 2768 1380 2828 'l’ur-

276 2893 383 2938 catum
406 2874 649 2936 dominationem
673 2875 789 2954 fuerit,
818 2874 871 2935 diu
899 2874 961 2936 iam
992 2875 1065 2936 mihi
1089 2877 1286 2955 propositum
1308 2884 1379 2936 crat

276 3001 462 3063 exponere,
494 2991 558 3043 tam
582 2981 622 3044 oh
651 2984 789 3063 priscum
820 3002 933 3044 nomeu
957 2991 989 3044 et
1010 2985 1144 3065 gloriam
1167 2983 1376 3062 Athenarum,

277 3111 369 3176 quam
398 3091 439 3154 ob
468 3092 633 3166 tenebras,
667 3091 781 3171 quibus
810 3091 940 3152 historia
965 3091 1045 3152 illius
1079 3089 1251 3171 temporis,
1284 3094 1380 3172 quael

275 3210 400 3290 poetico
423 3207 558 3287 quodam
582 3207 696 3285 nimbo,
721 3205 829 3268 induta
850 3216 914 3268 est.
955 3207 1072 3288 Neque
1095 3216 1200 3268 tamen
1221 3207 1281 3268 hac
1303 3205 1376 3266 dis·⁴

275 3315 449 3378 sertatione
472 3314 633 3375 historiam
657 3315 793 3376 ducatus
810 3316 1014 3376 Atheniensis
1035 3317 1118 3377 illius
1141 3325 1173 3378 et
1193 3318 1288 3376 trium
1312 3311 1381 3394 dy·

276 3429 449 3491 traciarum
473 3429 513 3488 ibi
538 3427 764 3488 dominantium
787 3431 954 3510 complecti
977 3431 1063 3506 volo,
1085 3429 1146 3491 sed
1162 3429 1201 3490 de
1218 3431 1287 3490 eius
1303 3427 1380 3489 lou-

275 3537 361 3598 tibur
384 3535 457 3597 milti
481 3538 538 3595 erit
562 3534 796 3616 disputandum,
821 3537 966 3616 praelato
989 3553 1151 3618 perpauca
1175 3533 1215 3598 de
1238 3535 1322 3596 urbis
1343 3544 1379 3596 ct

274 3644 444 3726 splendore
466 3653 498 3706 et
521 3645 622 3708 ruina.
1042 3655 1045 3668 ¹

359 3753 554 3814 Athenarum
580 3745 700 3814 nomen
716 3761 780 3814 tam
805 3745 925 3816 clanim
949 3753 1009 3816 luit
1031 3764 1098 3817 tota
1120 3753 1317 3834 antiquitate,
1341 3761 1378 3813 ut

163 3900 166 3904 -
276 3875 339 3919 uua
361 3860 436 3920 urbs
458 3861 558 3923 instar
579 3863 751 3922 universae
774 3859 934 3924 Graeciae
959 3862 1145 3935 habereturt
1174 3877 1258 3942 qnae
1279 3877 1377 3940 quum

275 3973 308 4026 et
331 3965 442 4027 artium
467 3979 499 4027 et
521 3967 691 4028 litterarum
714 3965 826 4030 studiis
848 3989 910 4031 nna
944 3970 1079 4030 omnium
1103 3965 1301 4030 Graecarum
1325 3965 1377 4025 ci·

275 4073 420 4142 titatium
443 4076 581 4137 maxime
606 4077 751 4158 floreret,
785 4095 896 4138 omnes
918 4086 951 4138 et
973 4085 1087 4157 poetae
1110 4085 1142 4136 et
1164 4093 1269 4165 rernm,¹
1288 4073 1376 4134 scri-

274 4191 385 4269 ptores
411 4182 561 4248 laudibus
587 4203 675 4263 eam,
708 4193 870 4264 tamquam
900 4185 1073 4244 universae
1105 4180 1248 4243 Helladis
1277 4197 1376 4246 orara-

276 4298 438 4374 meutum,
469 4290 582 4354 efferte
605 4292 779 4357 certabant.
823 4290 945 4356 uadem
975 4292 1074 4372 urbs,
1105 4307 1227 4372 quaea
1254 4285 1375 4352 l‘iuda-
