2968 5084
763 533 801 546 ..
849 501 885 562 12
927 536 968 546 -
1461 541 1462 544 ,

312 684 384 746 inde
406 685 446 746 ab
469 702 551 746 anan
577 682 661 744 tant
683 701 783 762 usque
806 684 847 744 ad
870 685 978 744 urbem
1002 657 1020 745 a
1045 685 1252 765 Palaeologo'
1271 703 1414 766 recupe-

312 801 412 854 ratam
437 793 590 871 continet,
613 793 746 852 altarum
770 792 872 852 tribus
895 794 980 854 libris
1003 794 1165 855 historiam
1189 797 1416 876 complectitur

311 899 497 962 familiarum
521 897 783 980 occidentalium,
807 919 936 980 quarum
953 900 1096 962 -dominia
1115 903 1416 982 imperii-Franco·
1462 897 1463 932 ³

313 1007 483 1089 Byzantiui
512 1007 696 1088 superstitio
726 1007 865 1072 luerunt.
899 1009 992 1070 Hanc
1016 1010 1113 1089 igitur
1141 1004 1361 1073 recensionem
1387 1010 1416 1071 si

313 1135 384 1182 cum
397 1119 449 1190 illa
470 1119 778 1198 comparaverimus,
802 1128 890 1181 tanto
905 1123 1001 1199 opere
1024 1140 1094 1182 eam
1110 1121 1416 1183 et·chartis'emen·

313 1223 418 1288 daiam
443 1242 520 1287 erse
539 1243 782 1318 cognoscemus,
807 1235 840 1287 ut
862 1246 979 1290 novum
1000 1247 1103 1308 paene
1125 1229 1311 1308 opusculum
1335 1247 1417 1290 esse

315 1330 469 1394 videatur.

282 1515 285 1518 ,
399 1455 601 1534 Quaeramus
617 1455 738 1536 igitur,
761 1452 833 1534 quid
857 1454 906 1522 rit,
925 1453 1016 1534 ¹qnod
1039 1453 1123 1535 apud
1146 1453 1348 1534 Ducangium
1373 1452 1417 1514 de

317 1559 512 1622 Athenarum
543 1561 678 1623 historia
705 1561 892 1640 reperiatur.
938 1560 1042 1636 Quam
1064 1562 1109 1633 si,
1145 1558 1188 1622 uli
1211 1569 1325 1641 postea
1352 1559 1417 1621 de·
1464 1573 1465 1634 Ῑ

294 1645 561 1742 monstrabitur,
596 1667 626 1728 in
657 1676 722 1728 tres
752 1663 922 1752 dividimus
947 1661 1121 1746 periodos,
1154 1667 1194 1728 'de
1216 1667 1315 1747 prima
1348 1667 1416 1744 illa,
1462 1655 1465 1702 t

315 1797 410 1860 quam
428 1777 703 1858 Francogullieam
719 1774 929 1855 appellamus,
951 1775 1069 1856 optime
1085 1773 1222 1853 disserit,
1239 1794 1333 1856 quum
1350 1796 1416 1837 nou

315 1884 417 1946 solum
447 1896 500 1944 re's
521 1883 633 1946 oneum
664 1901 706 1942 ex
734 1864 829 1961 gente
853 1880 996 1960 Rupensi
1019 1880 1076 1951 (tle
1099 1881 1129 1942 la
1152 1881 1279 1954 Reche)
1302 1884 1417 1944 erinn-

317 1991 426 2054 dorum
455 1990 672 2069 punientibus
703 1991 731 2051 ei
754 1990 872 2069 apertis
893 1989 972 2048 satis
1000 1991 1152 2048 accurate
1182 1997 1328 2068 enarret,
1353 1988 1413 2050 sed

319 2100 420 2166 etiam,
438 2099 567 2160 chartas
589 2098 680 2178 dune,
703 2115 784 2180 quae
806 2096 846 2157 erl
867 2095 1079 2156 illustrandam
1099 2094 1289 2160 Gnidonisl.
1313 2098 1411 2169 (tuat

324 2205 466 2280 -taott
501 2204 832 2292 historiam'multum
862 2203 1051 2296 conserunt,
1085 2223 1126 2264 ex
1156 2204 1300 2264 archivio
1329 2207 1419 2287 tegio

321 2311 483 2376 exhibeat.
512 2313 614 2372 Miror
647 2321 770 2390 tamen,
800 2308 853 2390 qni
881 2309 1002 2372 fectum
1025 2311 1085 2388 sit,
1116 2321 1149 2370 ut
1179 2308 1363 2374 (luidonem
1386 2315 1415 2373 ll

322 2419 434 2482 ducem
454 2418 697 2492 (teuc-tuns)
726 2419 975 2499 praetermiserit
997 2419 1131 2498 eiusque
1153 2419 1223 2502 loco
1246 2420 1415 2502 llugouem

321 2529 537 2590 Brcrrnensem
555 2527 612 2601 (tle
635 2527 801 2606 Brienue),
823 2525 903 2588 inicii
926 2529 1074 2587 comitem
1098 2537 1130 2588 et
1153 2526 1338 2609 Carytenae
1355 2528 1417 2590 do·

303 2621 456 2718 ¹aruinum,
480 2639 678 2700 Athenarum
702 2637 816 2698 ducem
839 2635 974 2697 finxerit.
1025 2636 1110 2698 Nam
1132 2637 1184 2708 nil,
1205 2638 1266 2698 nisi
1288 2641 1420 2700 tutelam

326 2746 484 2812 (luidonis
504 2747 634 2808 infantis
664 2747 768 2826 gessit
801 2743 919 2825 Hngc,
947 2743 1038 2804 cuius
1061 2741 1186 2824 quidem
1206 2743 1289 2808 lilius
1313 2743 1422 2808 Guel-

323 2865 411 2916 ierus
449 2851 709 2924 (teus-1310)
740 2851 860 2932 primns
892 2859 922 2910 et
957 2850 1083 2929 ultimus
1120 2851 1185 2914 dux
1223 2852 1424 2916 Athenarum

322 2981 364 3026 ex
399 2961 575 3022 Breunensi
614 2960 731 3021 familie
765 2967 854 3018 ortus
887 2959 1002 3021 extitit.
1064 2959 1198 3022 Scilicet
1233 2960 1420 3041 Scipionem

323 3069 532 3132 Ammiratum
563 3067 721 3146 inspicere
755 3065 785 3125 ei
812 3065 929 3143 licuit,
950 3066 1020 3147 qui,
1055 3065 1128 3128 dum
1158 3066 1198 3129 de
1226 3067 1422 3150 genealogia

324 3177 552 3242 Breunensinm
590 3174 739 3238 comitum
779 3173 859 3234 inicii
894 3172 1041 3259 disserit,
1085 3175 1221 3244 archivii
1260 3177 1422 3258 Neapoli-

290 3331 293 3336 ,
323 3283 387 3348 tani
418 3284 539 3345 chartis
574 3283 703 3365 prohat,
736 3282 908 3363 Hugonem
939 3278 1094 3364 nunquam
1124 3284 1322 3347 Athenarum
1351 3286 1421 3347 du·

324 3412 394 3456 cem
425 3391 547 3468 inissa,
577 3389 668 3450 hisee
690 3389 797 3450 verbis
820 3389 952 3458 usus¹lz
981 3388 1097 3472 „Ugo‚
1126 3400 1221 3478 conte
1243 3391 1275 3454 di
1298 3391 1418 3466 haece,

325 3498 355 3558 lu
392 3495 443 3570 cui
482 3489 599 3570 meglio
634 3493 734 3556 illene
766 3511 785 3553 e
821 3511 959 3554 nou-e
971 3494 1035 3575 gli
1074 3493 1109 3555 fu
1146 3495 1238 3556 Duce
1271 3492 1301 3559 d’
1333 3497 1422 3558 Ate·

324 3600 400 3665 ne.“
446 3599 590 3665 Gualteri
613 3607 718 3662 autem
750 3604 782 3658 et
812 3599 901 3678 primi
929 3583 961 3659 at
991 3599 1124 3662 secundi
1153 3597 1239 3682 res,
1265 3621 1422 3683 praescr-

323 3713 378 3774 tim
415 3711 514 3772 altera
553 3707 658 3788 operis
694 3708 898 3781 recensione,
944 3716 1032 3767 tanta
1066 3724 1138 3769 cum
1173 3709 1316 3774 sollertia
1346 3710 1420 3774 dili-

321 3821 497 3901 geutiaqne
529 3813 718 3896 descripsit,
752 3820 785 3873 ut
806 3819 915 3874 nostro
938 3813 1033 3874 etiam
1063 3821 1206 3896 tempore
1235 3817 1292 3878 vix
1322 3819 1421 3898 quic-

329 4011 580 4027 w

310 4213 313 4220 Ι
345 4143 371 4206 l)
391 4145 435 4192 se.
459 4109 606 4196 Amrnlrato
634 4144 752 4208 lumiglie
779 4146 887 4196 celebre
909 4145 1082 4206 napoletane.
1117 4143 1239 4194 Fircaze.
1267 4107 1345 4192 ltili.
1366 4132 1435 4194 tols

392 4233 422 4282 Τ.
440 4235 458 4286 Ι.
478 4249 502 4298 p.
522 4236 582 4284 ton.
