2968 5084
526 523 807 589 -rs-'

75 732 173 796 quatu
219 710 311 774 adiici
348 727 446 792 passe
483 710 638 774 videatur.
696 711 807 771 Minus
848 713 1001 770 accurate
1039 705 1181 768 insliiuia

6 799 8 828 ⁷
76 827 173 899 aunt,
208 836 289 898 quae
318 815 359 878 de
385 815 525 878 secunda
552 816 605 876 iila
640 814 790 896 periodo,
837 813 1054 876 Catelouicam
1091 810 1181 888 dico,

5 965 7 968 -
77 928 151 988 eius
172 921 269 1006 opero
293 925 503 985 continentur.
525 922 626 991 Cuius
649 923 708 991 etsi
733 938 893 1002 perpauca
916 928 1043 1012 exstant
1066 937 1182 981 monu-

5 1049 7 1120 ζ
78 1044 201 1109 menta,
218 1045 329 1116 ,tamen
353 1033 486 1094 Zuritae
502 1032 643 1104 annales,
666 1031 774 1112 quiea
796 1029 836 1091 de
859 1048 892 1090 re
914 1030 1082 1110 praecipue
1100 1047 1182 1091 con-

79 1141 205 1204 sulendi
236 1149 349 1216 erarii,
382 1159 443 1218 ucu
474 1149 562 1200 recta
584 1139 734 1200 adhibuit.
779 1138 900 1218 Quare,
921 1140 948 1198 si
971 1139 1090 1219 aliquot
1110 1139 1183 1221 epi-

5 1235 7 1288 3
83 1253 185 1313 stolas
214 1268 365 1330 paparum
395 1247 539 1310 ineditas,
561 1247 724 1327 excipias,
754 1247 811 1325 nil,
842 1265 906 1326 qun
936 1246 1046 1307 harum
1079 1265 1181 1308 rerum

81 1356 261 1416 obscuritas
284 1355 474 1432 iliustretur,
505 1353 595 1436 uobis
618 1353 759 1433 praehet.
802 1352 993 1434 Diligentius
1017 1353 1180 1414 historiam

80 1462 201 1544 periodi
238 1443 441 1524 Florentinae
470 1461 618 1540 exposuit
652 1461 852 1538 Ducangius,
881 1456 959 1540 qui,
995 1479 1181 1541 quamquam

80 1571 185 1632 nullae
199 1572 227 1630 ei
251 1569 397 1646 chartae,
420 1567 461 1631 ad
476 1569 708 1660 Acciaioiorum
732 1575 861 1647 gentem
880 1576 1079 1646 spectantes,
1098 1567 1181 1628 sub-
1203 1641 1207 1646 .

81 1681 281 1740 ministratae
303 1685 406 1754 erant,
432 1688 536 1738 tamen
559 1693 601 1738 ex
623 1669 829 1756 scriptoribus
848 1675 1035 1756 Byzantinis
1057 1685 1089 1735 et
1106 1675 1182 1736 libro
1245 1705 1247 1710 ·

81 1792 135 1853 illo
157 1791 417 1861 Ultremauuiauo
441 1808 509 1849 earn
531 1788 670 1868 perbene
692 1789 872 1852 illustravit.
917 1789 1027 1868 ltaque
1052 1785 1184 1850 Ducari-

80 1899 123 1980 gii
147 1897 280 1959 historia
298 1896 627 1976 Franco-Byzantina
650 1893 807 1956 laudanda
830 1901 892 1971 esi,
916 1902 1027 1973 utpote
1047 1899 1178 1974 primum

81 2008 249 2086 specimen
286 2004 440 2064 historiae
472 2003 665 2064 Francorum
697 2002 727 2060 iu
763 1997 902 2062 Graecia
941 2001 1182 2082 dominantium,

81 2109 243 2190 cuifcperi
265 2127 455 2190 quamquem
478 2105 562 2166 haud
587 2121 693 2184 pauca
714 2104 832 2166 deesse
854 2123 946 2166 nemo
970 2114 1032 2188 est,
1055 2107 1106 2186 qui
1122 2126 1182 2168 ue-

86 2226 159 2300 gei,
180 2227 300 2290 tamen,
324 2217 350 2276 si
373 2215 414 2277 ad
438 2215 562 2291 loutes,
584 2215 687 2294 quisi
710 2211 751 2274 ad
776 2229 887 2273 mauris
909 2212 1052 2288 fuerunt,
1076 2215 1181 2294 respi-

92 2327 211 2402 cimus,
243 2323 448 2386 admiratione
480 2331 589 2384 nosire
616 2341 676 2382 non
706 2321 833 2403 indigua
862 2321 997 2384 videtur.
1042 2323 1075 2383 ld
1100 2321 1212 2402 quotl'

84 2449 197 2492 omues
214 2431 401 2511 scriptores,
428 2431 692 2510 quicunquepcst
708 2431 907 2510 liucangiuur
927 2429 1011 2491 hauc
1032 2426 1190 2503 Graecae,
1222 2434 1231 2446 ⁶

80 2537 235 2600 historiae
263 2536 427 2617 periodum
458 2545 662 2614 tractavere,
698 2537 942 2617 intellexerunt,
974 2557 1110 2620 eumque
1142 2539 1183 2602 ad

81 2653 225 2726 nostram
248 2653 387 2707 aetatem
409 2643 542 2708 lidcliter
570 2653 645 2706 sunt
666 2638 780 2710 seculi.
836 2648 948 2730 ltaque
969 2647 1127 2708 Moreriua
1153 2649 1183 2708 in

81 2749 228 2831 „herici
257 2745 423 2811 historici“
452 2747 501 2808 sui
529 2749 750 2828 supplemento
768 2753 794 2824 ¹)
827 2751 900 2828 ormi¹
919 2752 1080 2830 excerpsit
1101 2770 1128 2813 s.
1151 2773 1184 2816 v.

83 2837 251 2936 Athbrres,
283 2879 409 2941 exque
432 2859 547 2921 hausta
568 2865 662 2934 suut,
691 2876 899 2940 quaecuuque
921 2858 951 2918 iu
976 2859 1183 2942 Pouquevillii

81 2969 242 3036 itinerario
266 2966 317 3028 illo
340 2966 469 3028 Graeco
487 2961 516 3034 ²)
550 2964 590 3026 de
620 2965 752 3026 historia
784 2965 971 3038 Atheniensi
993 2968 1112 3047 scripta
1133 2969 1184 3029 in-

82 3077 264 3138 veniuntur.
296 3075 413 3152 Neque
433 3073 524 3148 ,aliter
550 3070 753 3134 hiiebaudius
770 3075 807 3143 ³),
833 3073 904 3152 qui,
925 3072 999 3134 dum
1024 3049 1184 3154 expediriss

81 3201 164 3246 ciras
187 3199 301 3252 sacras
329 3180 491 3260 depingit,
524 3179 554 3244 iu
577 3179 752 3260 appendice
774 3179 936 3241 historiam
959 3181 1185 3260 principatuum

81 3309 102 3352 a
128 3290 263 3351 Francis
285 3289 314 3347 iu
337 3287 467 3366 imperio
491 3287 669 3364 Byzantiuo
692 3287 935 3364 constitutorum
961 3284 1087 3366 addidit.
1120 3289 1185 3366 Qui

84 3413 278 3478 quamquam
309 3393 349 3454 do
372 3393 556 3454 enarrandis
587 3393 842 3473 expeditionibus
865 3396 968 3457 sacris
991 3400 1109 3476 optime
1133 3407 1184 3460 esi

82 3505 238 3580 moritus,
250 3519 303 3562 res
314 3497 510 3562 Graecorum
525 3499 617 3560 nimis
635 3487 788 3582 neglexit,
811 3520 914 3582 neque
928 3520 1061 3587 usquam
1075 3503 1183 3566 Chro-

80 3613 145 3672 nici
167 3610 251 3670 illius
275 3609 444 3674 mareotici
466 3607 574 3670 habuit
595 3609 759 3670 rationem.
803 3609 1015 3688 Quinetiam,
1040 3610 1114 3672 dum
1136 3611 1182 3672 dc

87 3749 318 3762 ——n

99 3839 132 3904 1)
150 3841 185 3890 cl.
205 3842 335 3890 Nouveau
348 3816 524 3902 supplement
535 3855 569 3892 uu
583 3843 759 3894 dictluunaire
768 3843 914 3906 historique
928 3847 959 3912 de
969 3837 1078 3894 Mureti.
1099 3843 1183 3893 Paris.

59 3990 64 3998 ¹
153 3931 233 3980 1741.
254 3933 304 3980 iol.
322 3933 352 3980 'i
372 3929 394 3981 l.
413 3947 437 3993 p.
457 3935 502 3982 67.

92 4019 694 4106 a)eoaquevruevoyageuanstetereee.
721 4029 1183 4080 Paris.l82ii-1827.6Voli.8.
1232 4090 1233 4093 ¹

148 4113 180 4163 Τ.
198 4113 244 4163 ΙΙΙ.
264 4127 288 4174 p
306 4113 411 4166 ast

96 4205 168 4268 iili.
187 4207 313 4256 Michaud
333 4207 446 4256 histoire
466 4211 513 4258 des
531 4209 677 4283 croisades.
697 4210 786 4260 Poris.
811 4210 966 4264 isco-29
985 4209 1089 4260 iiv.cil
1108 4211 1137 4262 8
1159 4223 1184 4259 v.

150 4295 328 4360 appendicem
