2968 5084
93 747 221 810 Salouii
231 755 325 810 natus
339 757 389 810 est
403 767 431 812 a.
442 747 471 810 d.
481 749 635 810 lelial.
650 753 715 810 lun.
727 727 809 812 anno
822 749 910 828 1791,
926 745 1069 812 et'varii's
1081 767 1194 810 muue-

4 869 6 922 ι
96 853 187 913 ribus
210 832 346 934 publicis
369 856 511 936 iunctus,
532 867 606 944 ante
618 857 675 918 bos
692 876 752 919 sex
764 857 1105 935 arrnosgta.d;lll.-Kal.
1118 859 1195 919 Mal.

4 953 6 1032 ᾗ
94 960 193 1032 1813)
203 975 406 1042 praematura
419 977 518 1026 morte
534 967 624 1027 uobis
639 978 767 1048 ereptus
778 979 837 1027 est.
851 969 960 1029 Multis
973 967 1135 1045 opusculis
1144 965 1195 1025 iri-

94 1071 225 1153 storicis
244 1051 413 1132 maximum
430 1073 556 1134 lsudem
580 1085 630 1135 est
652 1069 832 1150 assecutus,
855 1092 937 1155 qrrae
962 1087 1066 1134 tameo
1089 1074 1194 1134 omnia

95 1199 287 1243 enumerare
299 1173 428 1261 longum
438 1194 504 1261 est3
519 1185 624 1264 itaque
639 1185 762 1245 uorrnisi
774 1176 895 1246 illorum
909 1185 1059 1268 rationem
1070 1163 1193 1254 habebo

95 1281 260 1366 librorum,
284 1287 398 1368 quibus
416 1287 577 1352 'Graeciae
599 1289 692 1350 rebus
714 1291 816 1350 lunrerr
832 1285 953 1350 attolle
967 1289 1075 1366 Quum
1097 1287 1191 1366 euim,

94 1395 226 1474 triginta
248 1403 315 1456 tres
340 1413 441 1456 annos
463 1406 568 1474 uatus,
591 1397 823 1473 constituisset,
843 1391 1050 1476 quaecunque
1061 1413 1114 1458 res
1128 1405 1193 1477 gea
1240 1461 1242 1468 ,

4 1567 6 1576 Ι
93 1509 166 1561 stae
185 1505 320 1583 glorism
344 1504 451 1586 gentis
473 1503 753 1586 ll'rancogellorum
785 1503 868 1582 apud
898 1514 1049 1565 externos
1073 1521 1193 1583 propa·

4 1663 5 1698 ,
93 1620 211 1687 gerunt
237 1613 391 1713 populos,
420 1605 598 1694 disquirere
628 1629 799 1692 eorumque
832 1611 1013 1686 historiam,
1050 1611 1193 1700 eollectis

4 1703 6 1732 ³
94 1715 236 1798 undique
258 1721 468 1780 monumentis
491 1717 723 1800 superstitibus,
748 1737 962 1799 componere,
984 1719 1031 1779 cd
1046 1727 1190 1800 quartam

4 1843 6 1854 t
64 1892 70 1897 ,
93 1823 327 1904 expeditionem
350 1841 474 1888 secrato
499 1829 635 1888 animum
658 1827 805 1890 advertit.
831 1833 938 1910 Atque
961 1831 1094 1908 primurn
1116 1831 1191 1909 qui-

94 1931 166 1992 dem
199 1933 356 2016 Ducangii
382 1949 464 2015 opus
496 1917 570 1997 illud
600 1935 703 1998 denuo
732 1937 968 2018 imprimendum
998 1937 1123 2008 curavit
1147 1933 1192 1996 e'd

4 2081 6 2110 ,
92 2037 186 2100 iidem
211 2039 281 2122 orsi.
304 2051 379 2102 tunc
398 2040 524 2120 inediti,
549 2046 640 2103 euius
663 2047 772 2125 vestig
775 2044 813 2104 iis
837 2047 1032 2104 insisteret
1023 2063 1054 2104 ru
1078 2061 1192 2102 eureu-

92 2145 197 2238 dando
226 2116 360 2209 historia
382 2141 533 2210 liraneo·
517 2149 732 2230 -Byzantina
749 2093 900 2210 Deinde
920 2167 998 2210 vero
1020 2149 1108 2216 luvit
1114 2156 1190 2208 cum

93 2253 245 2332 maxime,-
267 2253 352 2332 quod
375 2252 556 2314 Chronicon
576 2253 713 2316 Morere
733 2256 846 2330 illud,'
839 2273 905 2316 rarn·
915 2255 1049 2316 Boitiuo
1071 2261 1189 2334 nolum,

90 2359 119 2419 io
142 2357 254 2421 codice
283 2351 419 2440 quodam
445 2359 660 2422 Bibliothecae
681 2362 806 2442 Regiae
834 2363 968 2441 reperit3
999 2361 1083 2442 quod
1110 2379 1190 2442 gra·
1303 2349 1310 2362 ⁹

89 2465 259 2526 vissimum
272 2463 581 2528 Franco-Graeciae
603 2479 840 2529 monumentum
863 2469 963 2528 tribus
985 2461 1189 2549 editionibus,

91 2575 140 2634 uli
168 2573 257 2634 inira·
279 2572 400 2650 dicam,
438 2572 533 2634 riolde
566 2558 753 2636 illustratum
787 2576 980 2638 emendavit.
1034 2575 1188 2658 Princeps

89 2681 162 2742 eius
176 2679 308 2750 editior)
331 2661 394 2743 ιιιιιιΙ
406 2699 477 2762 curn
494 2683 665 2766 Ducangio
678 2683 707 2742 in
724 2681 962 2787 nCollesti‘oneo
975 2683 1036 2744 ¹illa
1060 2682 1187 2762 nClrroi

63 2789 244 2849 uicorum
248 2787 579 2870 Francogallicorumu
603 2789 686 2848 edite
709 2783 782 2868 est,
793 2803 875 2868 quae
896 2789 1023 2851 xuvll
1046 2789 1188 2878 'vpldmi-

85 2897 182 2958 nibus
202 2897 347 2958 absolute
369 2907 494 2978 praeter
516 2897 599 2959 alios
617 2897 790 2976 scriptores
811 2908 843 2958 et
869 2861 1138 2992 Villebarduiirum
1156 2907 1189 2960 et

87 3003 307 3064 lt'roisssrturn
337 3003 565 3086 ¹complectitur.
624 2991 748 3066 Secuta
781 3014 831 3066 est
866 3004 961 3066 editio
995 3020 1141 3088 princeps
1156 3009 1187 3076 ²)

86 3129 225 3192 mappae
247 3111 413 3174 cuiusdam
436 3112 695 3206 geographicae,
727 3131 810 3177 aona
835 3113 916 3176 1375
936 3113 1133 3205 compositae
1155 3124 1188 3175 et

85 3219 284 3282 Cetelsnieis
311 3221 394 3280 uotis
420 3221 619 3300 explicatae,
650 3240 743 3302 quern
774 3239 846 3282 oum
876 3221 998 3283 'l'astiro
1027 3221 1057 3280 iu
1091 3225 1187 3302 apere

81 3328 138 3392 illo
159 3326 351 3406 praestanti:
373 3325 529 3389 aNotices
553 3336 585 3388 et
601 3329 739 3418 ¹entraits
754 3317 835 3388 stoa
859 3325 965 3405 edidit,
987 3329 1185 3392 multifariam
1279 3355 1289 3361 „
1397 3333 1401 3344 '

82 3452 196 3514 neque
212 3443 320 3496 tameo
340 3433 487 3515 absolute
508 3435 700 3514 explicitam.
741 3435 841 3515 Deio,
870 3435 1022 3517 quidquid
1044 3437 1073 3498 in
1096 3441 1185 3500 ooet·
1278 3435 1282 3438 ’

81 3541 263 3620 dentalibus
285 3540 378 3604 medii
400 3541 475 3604 aevi
496 3541 704 3620 scriptoribus
732 3541 773 3602 de
796 3541 1114 3605 Franco-Groeeise'
1128 3563 1184 3604 re·

79 3649 141 3712 bus
165 3648 334 3758 raemoriae
357 3659 425 3711 eret
446 3647 614 3732 proditum,
636 3650 769 3733 collegit
779 3659 818 3730 ot
834 3650 958 3743 dnobus
971 3652 1183 3764 voluminibus

85 3817 333 3831 Μ

96 3971 127 4034 1)
145 3957 283 4046 Dueauge
293 3971 404 4022 histoire
414 3971 444 4022 de
456 3974 473 4022 l'
476 3976 574 4037 smplre
585 3971 862 4034 deconstatrtiuople.
880 3973 966 4024 Paris.
979 3973 1058 4023 1836
1079 3975 1179 4024 3νι.ι11

148 4049 352 4121 8.(31ιτιιιι1ιιιιο
370 4059 400 4108 de
419 4061 444 4109 la
462 4055 564 4110 ilerde.
586 4063 668 4110 1838.
682 4065 708 4111 8.

93 4149 126 4214 3)
146 4149 247 4198 notice
266 4151 325 4198 ι1ἰιιι
345 4151 417 4199 atlas
435 4164 468 4200 en
485 4151 587 4214 langue
605 4152 740 4214 catalano,
745 4149 806 4206 urs'.
825 4153 857 4200 de
876 4149 930 4202 l’ao
948 4150 1029 4218 1375,
1048 4137 1181 4204 conserve
1259 4169 1263 4176 ¹

147 4249 200 4294 ete.
220 4255 272 4302 par
288 4255 352 4291 mss.
367 4243 479 4314 *llucboo
504 4250 533 4293 et
551 4234 643 4324 l'aslu.
678 4244 764 4293 Puris.
785 4245 867 4294 1837.
888 4245 916 4294 4.
940 4247 986 4296 ed.¹
1000 4245 1034 4297 ll.
1056 4249 1097 4298 in:
1120 4245 1180 4298 No·

142 4337 258 4387 tiees'st
277 4335 393 4386 extroits
411 4343 472 4422 eto,
482 4339 513 4387 ’11
532 4337 604 4406 lllv.
623 4338 651 4385 l>-
670 4337 703 4388 ll.
722 4349 744 4399 p.
768 4337 881 4386 1-133,
901 4341 985 4388 varis.
1010 4339 1086 4391 1841.
1106 4339 1133 4390 l.
1174 4347 1179 4355 '
