2970 5078
740 514 945 578 ...73-

292 771 294 778 ¹
386 698 644 762 consuetudines
666 698 725 760 has
749 717 818 760 cum
842 700 1127 778 Hierosolymitaui
1150 703 1248 782 'regni
1278 708 1407 766 corasti-

301 809 472 870 tutiouibus
495 809 565 882 illis,
587 826 667 887 quae
693 807 862 868 »Assisioe
876 807 1206 890 Hierosolymitaneen
1229 802 1404 893 vocentur,

301 919 406 982 multis
420 921 448 978 in
470 919 609 998 partibus
622 918 813 998 consentire,
827 937 919 978 nemo
936 926 995 994 est,
1019 917 1069 996 qui
1089 917 1228 996 ignoret3
1245 929 1275 980 et
1288 919 1407 1000 inipso

300 1029 367 1088 libri
381 1029 480 1088 nostri
493 1027 635 1103 exordio,
659 1045 716 1088 eus
729 1026 849 1106 imperii
861 1025 1148 1106 Hierosolymitau'r
1167 1027 1409 1108 legibusorigi-

301 1155 371 1197 uem
396 1135 513 1196 dehere
538 1134 787 1195 demonstratum
806 1142 864 1194 est.
888 1134 1131 1214 Hierosolymus
1152 1149 1259 1197 autem
1282 1155 1302 1196 a
1323 1156 1407 1199 oru-

300 1245 477 1326 oesignatis
501 1252 575 1324 post
592 1253 810 1322 recuperatam
834 1243 1316 1306 Palaestinam*eonsuetudines
1328 1244 1408 1306 illae

275 1380 279 1386 ·
299 1353 528 1415 leudolessuut
550 1354 736 1428 translatae,
759 1357 919 1432 quletum
942 1351 972 1412 iu
990 1351 1215 1431 Franeugallia
1234 1352 1406 1434 vigebant,

301 1481 431 1541 quarum
469 1461 734 1524 consuetudinum
771 1479 864 1541 quum
893 1461 955 1521 alla
989 1460 1186 1540 exemplaria
1217 1447 1408 1540 supersunt,

300 1581 365 1632 tum
388 1567 636 1632 consuetudines
658 1569 730 1628 illua
753 1567 1006 1628 Bellovaoenses
1027 1576 1182 1628 exstant..
1207 1567 1407 1632 Constanti-

301 1679 404 1758 nopoli
436 1687 542 1739 autem
566 1687 680 1758 copta,
709 1677 741 1736 in
766 1675 1145 1756 uranon-Byzantinus
1163 1677 1326 1755 imperium
1348 1676 1405 1736 le-

241 1793 247 1802 '
301 1805 361 1870 ges
386 1787 468 1850 istae
490 1787 582 1868 qussi
605 1788 776 1866 migrarunt
799 1793 931 1865 totoque
951 1786 1082 1864 imperio
1104 1793 1173 1847 tote
1192 1785 1405 1865 uraneogu-

301 1894 363 1978 lica
383 1901 574 1954 aetatesuut
596 1892 800 1986 observatae,
822 1889 854 1950 id
878 1889 961 1971 quod
982 1909 1022 1950 ex
1045 1891 1149 1972 pactis
1172 1891 1407 1974 lloveunioen-

305 2001 392 2062 sibus
414 2001 532 2081 optime
553 2000 749 2082 intelligitur.
794 1999 914 2062 Eodem
938 2019 1017 2061 vero
1047 2001 1152 2079 modo,
1183 2019 1246 2082 quo
1278 2003 1405 2080 „Assi-

301 2116 373 2176 slae
405 2113 743 2195 hierosolymitarum
766 2122 897 2194 postea,
927 2115 1046 2174 loanue
1078 2113 1118 2173 de
1150 2101 1411 2188 Norisio,.'l'ri-‘

301 2223 382 2302 polis
396 2225 524 2303 comite,
545 2242 611 2283 rem
632 2221 886 2298 administrante,
907 2222 937 2282 in
960 2226 1048 2281 usum
1072 2223 1163 2300 regui
1195 2219 1309 2301 Cyprii
1330 2220 1405 2280 ool-

303 2332 407 2392 leotao
430 2339 514 2408 sunt,
536 2307 730 2406 reipublldoe
743 2327 891 2388 Venetae
913 2327 1047 2388 oonsilio
1066 2346 1148 2388 anuo
1165 2327 1240 2387 1421
1256 2344 1401 2390 consue-

301 2438 427 2500 tudines
456 2437 527 2496 illao
557 2435 733 2497 Romaniae
759 2436 789 2494 in
817 2435 968 2495 Euboeae
996 2435 1131 2515 insulae,
1162 2443 1227 2522 tum
1262 2427 1403 2497 Venetis
1477 2441 1478 2452 ¹

301 2544 465 2627 subditae,
497 2562 589 2604 ursum
621 2541 651 2601 ln
683 2541 800 2621 ¹corpus
822 2541 974 2603 redactae
997 2552 1079 2605 sunta
1123 2544 1175 2604 De
1200 2543 1263 2626 illis
1292 2553 1404 2605 autem

300 2657 489 2737 saepissime
506 2654 601 2718 editis
614 2659 639 2730 Ι)
665 2651 781 2730 taceo,
797 2652 837 2714 de
862 2651 971 2712 harum
994 2651 1116 2712 duabus
1138 2651 1283 2731 partibas
1297 2671 1407 2732 pauca

300 2762 425 2826 addam.
448 2765 555 2842 Atque
569 2761 650 2825 illius
667 2758 790 2840 quidem
804 2757 916 2838 partis,
930 2758 1155 2837 quee„,hassa
1172 2754 1283 2819 corte“
1300 2759 1406 2839 diota,

295 2869 504 2954 „inferiorem
527 2866 667 2930 ouriam“
690 2877 749 2928 seu
773 2867 897 2946 „lorum
919 2866 1139 2927 vicecomitis“
1163 2866 1404 2947 complectitur,
1476 2899 1477 2904 κ

301 2978 383 3040 duos
407 2987 534 3038 exstare
555 2975 673 3038 scimus
696 2973 787 3036 codd.
812 2974 841 3033 in
864 2973 1054 3036 bibliotheca
1079 2973 1202 3054 Regia,
1226 2977 1408 3055 inscriptos

300 3100 334 3149 u⁰
359 3085 440 3148 1390
463 3092 496 3146 et
516 3083 578 3146 465
598 3083 712 3162 suppl,
734 3081 866 3142 alterum
891 3081 1090 3161 quondamiu
1108 3082 1298 3148 bibliotheca
1315 3083 1403 3146 Col-

301 3194 424 3257 bertina
458 3193 702 3268 corrservatum,
732 3187 864 3248 alterum
888 3205 908 3248 a
929 3187 1030 3266 Myna
1060 3185 1216 3267 Mynoide
1247 3189 1287 3248 ab
1310 3189 1406 3252 Atho

301 3309 410 3364 moute
436 3319 476 3360 eo
505 3296 700 3365 translatum.
746 3294 839 3371 Quae
862 3312 949 3374 pars,
979 3295 1106 3372 vulgari
1135 3297 1244 3378 liug‘uu
1267 3297 1428 3371 Graeca,

302 3411 434 3490 scriptu,
458 3407 498 3468 nd
512 3424 601 3466 usum
616 3406 811 3486 puuoiputus
829 3403 971 3464 Achaiae
984 3406 1161 3482 composite
1179 3407 1407 3487 videturesse,
1475 3445 1476 3470 1

302 3520 364 3580 etsi
383 3513 480 3593 nihil,
513 3512 571 3573 uisi
595 3505 700 3572 versio
724 3509 853 3572 Graeca
876 3509 1138 3570 consuetudinum
1163 3512 1408 3591 Hierosolymi-

300 3635 443 3687 tenarum
482 3635 550 3700 cst;
588 3619 646 3680 sed
679 3619 797 3680 inedita
831 3618 936 3680 adhue
977 3619 1070 3694 latet,
1101 3619 1127 3678 si
1160 3619 1303 3699 excipias
1334 3640 1405 3681 ex·

301 3741 409 3812 oerpta
454 3747 634 3810 perpauca,
664 3745 683 3788 a
725 3725 886 3786 Buchouio
916 3733 949 3784 et
980 3723 1179 3786 Zachariaeo
1211 3725 1343 3808 vulgata
1363 3731 1406 3802 ⁹).

302 3835 541 3849 m

317 3872 347 3936 1)
365 3875 400 3922 ct.
419 3873 567 3924 Perdessus
586 3868 712 3924 memotre
734 3887 781 3922 sur
800 3886 835 3922 nn
855 3879 1011 3924 monument
1028 3877 1062 3924 de
1080 3875 1192 3926 l’anclen
1211 3875 1283 3926 droit
1299 3879 1407 3926 eontu-
1474 3927 1475 3934 ,

366 3961 435 4011 mler
452 3965 484 4010 dc
503 3965 531 4012 la
549 3965 662 4013 Franco.
680 3963 773 4028 ,Paris
795 3964 875 4014 1029.
893 3967 920 4014 s.
947 3972 975 4016 et
995 3966 1085 4016 varias
1102 3966 1282 4016 »Asslslarurn
1300 3967 1407 4016 litero-
1474 4027 1475 4030 Ἴ

366 4053 611 4116 solymltunarurn«
622 4054 763 4118 editiones,
774 4067 791 4104 a
802 4053 955 4120 Fouehcro,
963 4055 1117 4120 Brugnoto,
1136 4057 1271 4106 Kaualena
1279 4063 1407 4118 paratas.
1474 4063 1475 4088 l

317 4145 348 4208 2)
368 4148 403 4200 ol.
422 4148 529 4196 nachon
548 4146 656 4196 histolre
675 4148 723 4196 des
741 4143 895 4217 conquetas
908 4153 961 4196 eto.
979 4145 1139 4210 Appendloe.
1159 4149 1179 4199 l.
1200 4161 1224 4209 p.
1244 4147 1407 4201 427-485.

369 4244 398 4288 et
416 4235 446 4287 C.
458 4239 487 4288 ll.
501 4235 650 4288 zachariae
669 4239 760 4288 histor.
781 4239 845 4290 iuris
864 4240 1100 4291 Graeco-romani.
1121 4233 1289 4305 Heidelberg.
1315 4241 1407 4293 taso.

368 4334 395 4386 o.
415 4347 432 4395 p
452 4332 605 4382 ror-roo.

1472 4361 1474 4502 l
