2968 5084
722 477 764 493 ...
806 445 850 512 pa
891 475 930 490 .-

159 627 161 635 ’
279 631 385 694 tiones
401 633 428 705 ¹)
450 629 491 694 ad
513 628 687 724 eorundem
705 627 799 692 oodd.
814 645 927 692 mesor.
945 633 991 704 (ιι.
996 623 1086 692 7074
1104 613 1296 729 (Snppldm.
1311 621 1388 693 007)

279 747 313 804 ot
332 759 364 804 ιι.
385 739 471 806 2090
492 741 630 820 (toth)
652 741 745 806 lidern
768 731 913 824 paravit3
942 753 1075 827 quarum
1099 745 1228 826 prima,
1257 743 1391 821 ,.Chro·.

280 845 663 930 ninisl'ranoogallioieffi
688 849 729 912 alr
745 849 858 913 endem
878 851 1031 932 vulgatis,
1053 853 1192 928 inserto,
1216 869 1282 912 nnn
1296 849 1391 913 valde

279 973 300 1019 a
323 958 495 1039 Duoangio
518 957 643 1035 differt,
672 959 735 1047 etsi
757 959 866 1022 multis
888 949 968 1022 lonis
987 957 1260 1041 orthographiam
1280 949 1391 1018 emen'-
1450 1013 1451 1028 ,

280 1061 372 1127 davit
402 1075 437 1129 et
463 1067 626 1134 oodioibos
660 1068 945 1149 praestantioribus
975 1071 1063 1128 usus¹
1083 1067 1182 1130 ,estq-
1207 1064 1389 1128 Adiecit-ei

281 1181 420 1256 praalon
436 1176 583 1238 nonnulla
603 1165 625 1238 ¹o
646 1176 834 1255 Byzantinis
854 1174 1063 1256 shriptorihos
1085 1184 1247 1256 excerpta
1270 1173 1392 1254 aliaque

283 1277 491 1362 fragmenta,
523 1281 793 1352 Villohardoionm
826 1285 1033 1361 illustrantia,
1066 1283 1268 1346 chronicon·
1294 1283 1390 1345 breve

285 1387 626 1470 anonymiouinsdam,
647 1391 890 1455 Valentianeosi
912 1377 1046 1452 dialecto
1068 1395 1148 1464 (nen
1161 1391 1325 1473 langue
1300 1389 1390 1452 llou·

284 1492 384 1576 ohyu)
405 1498 572 1576 seriptum,
593 1493 679 1579 quod
700 1496 741 1558 de
763 1497 994 1592 expeditionis
1002 1496 1213 1578 primordiis
1207 1496 1387 1562 nonnullas

282 1600 538 1666 Villoharduioo
542 1619 604 1664 noo
626 1603 725 1664 relata
746 1606 906 1684 continet,
939 1612 971 1666 ot
992 1603 1033 1664 ab
1055 1603 1183 1684 aequali
1207 1583 1390 1684 speotatore
1451 1624 1452 1666 l

283 1713 494 1790 oompositum
527 1709 666 1778 videtur.
689 1705 827 1790 Qun
819 1733 850 1782 m
880 1712 1040 1777 Chronico
1073 1729 1171 1793 quum
1203 1729 1246 1772 ne
1274 1709 1388 1774 mentio
1451 1725 1452 1728 ¹

282 1815 412 1899 quidem
446 1817 642 1880 Athenarum
671 1820 731 1880 neo
761 1821 853 1899 primi
885 1821 971 1884 urbis
1000 1820 1117 1882 domini
1152 1820 1287 1884 Ottonis
1321 1815 1387 1889 liat,

285 1925 330 1988 nil
351 1926 489 2007 amplios
510 1927 561 1991 hio
583 1926 683 1989 daeo
706 1927 874 1990 dicendum
898 1944 973 1992 esse
994 1928 1152 1994 duximus.
1188 1929 1304 1989 llenoo
1319 1939 1387 1986 enm

288 2031 477 2096 Bnohonius
500 2033 648 2121 vulgavit
669 2035 700 2094 in
722 2033 800 2120 libro
821 2034 873 2096 illo
894 2025 1274 2116 supranomrnemoralor
1296 2029 1388 2113 „lle-

286 2138 445 2203 oherohes
467 2148 501 2202 et
523 2139 702 2204 materians
715 2143 798 2204 eto.“
841 2140 927 2202 Nihil
949 2140 1073 2222 quidem
1094 2142 1158 2202 nisi
1181 2150 1306 2206 textum
1329 2150 1387 2196 ve·

244 2317 246 2322 ,
285 2257 385 2311 terem
415 2249 696 2331 Frarroogallioum
723 2249 837 2326 edidit,
870 2248 930 2312 sed
961 2259 1070 2329 quum·
1085 2248 1168 2312 duos
1199 2247 1274 2310 illos
1300 2240 1386 2308 oodd.

286 2373 403 2420 mesos.
424 2355 526 2419 valde·
540 2359 622 2419 inter
643 2377 681 2420 se
703 2358 887 2440 disorepare
909 2335 1057 2438 vidisset,
1080 2375 1153 2431 euro
1178 2357 1230 2417 bis
1246 2362 1387 2418 ex‘utro·

182 2463 184 2466 ’
289 2481 353 2546 que
374 2463 487 2526 oodioo
516 2464 632 2547 edidit,
664 2458 1015 2548 adieetisporpauois,
1050 2482 1133 2549 qnae
1160 2475 1287 2531 textmn
1319 2461 1388 2524 illu·
1452 2540 1453 2550 ἵ

287 2580 447 2654 strarant,
468 2573 733 2635 annotationibus.
776 2573 1030 2637 Altameuhaeo
1052 2573 1155 2648 editio
1172 2573 1388 2654 praestantis-

290 2683 373 2744 sima
393 2690 462 2753 est,
494 2669 590 2764 tpnum
614 2679 648 2748 el
668 2679 842 2764 perlegenti
866 2692 1038 2763 utromque
1067 2679 1212 2743 oodmem
1233 2677 1388 2757 ‚inspicere
1452 2665 1453 2712 3

289 2789 408 2870 lioeat,
428 2787 639 2871 ‘et'epistolas
661 2789 731 2852 illas
754 2789 881 2850 oomitis
903 2790 965 2850 Sti.
987 2789 1079 2850 Pauli
1102 2797 1135 2852 et
1159 2786 1304 2850 Baldoini
1326 2786 1385 2843 im-

290 2898 449 2982 peratoris
480 2895 521 2960 de
550 2899 629 2962 urbe
659 2905 754 2978 oepta
782 2900 899 2958 missas
925 2898 954 2958 in
979 2899 1065 2958 notis
1087 2895 1299 2974 inveniamus.
1341 2889 1388 2950 Ao

292 3005 445 3068 nonnulla
477 3003 605 3086 quidem
637 3014 740 3084 neque
773 3002 904 3066 levioris
936 3004 1087 3064 momenti
1119 3002 1161 3064 de
1198 2995 1387 3064 Athenarum

289 3113 435 3202 domino,
455 3109 596 3194 Ottone,
619 3102 798 3194 reperimds
819 3113 848 3173 in
872 3111 1099 3174 Villoharduini
1121 3113 1221 3192 lihr03
1245 3125 1337 3193 quern
1358 3109 1388 3166 et

189 3203 194 3211 ’
292 3225 400 3290 urbem
434 3222 744 3306 Constantinopolim
774 3229 851 3283 oum
881 3223 950 3286 suis
982 3209 1178 3308 adorientem
1209 3219 1301 3282 uobls
1331 3211 1388 3275 do·

292 3334 489 3405 monstratl)
512 3341 544 3394 ot
569 3327 1053 3414 Bonifaoii'llorrtisferratensis
1082 3331 1220 3391 amioum
1243 3335 1277 3388 et
1298 3318 1388 3386 iami-

291 3440 399 3506 llarem
428 3439 539 3514 aiv),
569 3438 713 3500 inouius
737 3438 904 3499 eomitatu‘·
923 3455 995 3501 eum
1020 3452 1121 3520 saepe
1142 3437 1292 3499 videndus
1313 3445 1387 3493 ver-2

291 3555 434 3617 santam,
471 3543 641 3624 Quomodo
663 3554 768 3608 autem
792 3543 926 3608 Athenis
949 3545 992 3606 'eit
1013 3545 1156 3625 potitus,
1185 3545 1314 3607 omuino
1332 3555 1387 3600 re-

180 3649 182 3654 ’
292 3657 382 3739 tinet,
405 3658 438 3718 et
460 3633 501 3719 de
524 3653 748 3736 Peloponneso
770 3651 969 3740 Livadiaque
989 3653 1157 3736 occupatis
1178 3653 1236 3718 uix
1258 3653 1387 3754 litteram

312 3945 344 4013 1)
361 3944 522 4014 chronique
535 3951 570 4000 oe
592 3947 723 4012 Geoflroy
748 3953 782 4001 ‹le
807 3947 1030 4042 Vlllelarlonin,
1060 3940 1171 4016 pnnllde
1195 3955 1245 4020 par
1251 3913 1387 3989 nomon

363 4042 449 4101 sarr..
469 4041 790 4097 tetensteten
849 4045 874 4081 ¹.

310 4132 380 4191 ΕΗ
396 4134 416 4184 l
435 4133 527 4188 edil
545 4131 666 4187 lluohon.
684 4147 708 4196 p
722 4135 774 4183 ut.

311 4227 343 4296 il)
361 4225 381 4280 l.
398 4225 417 4286 l·
435 4240 462 4296 ll.
481 4226 532 4284 ill
553 4230 581 4282 el
601 4226 666 4283 107.
714 4312 717 4318 ¹
