<?xml version="1.0" encoding="UTF-8"?>
<!DOCTYPE html PUBLIC "-//W3C//DTD XHTML 1.0 Transitional//EN"
    "http://www.w3.org/TR/xhtml1/DTD/xhtml1-transitional.dtd">
<html xmlns="http://www.w3.org/1999/xhtml" xml:lang="en" lang="en">
 <head>
  <title>
</title>
<meta http-equiv="Content-Type" content="text/html;charset=utf-8" />
  <meta name='ocr-system' content='tesseract 3.04.00' />
  <meta name='ocr-capabilities' content='ocr_page ocr_carea ocr_par ocr_line ocrx_word'/>
</head>
<body>
  <div class='ocr_page' id='page_1' title='image "./dehistoriaeduca00hopfgoog_0023.png"; bbox 0 0 2968 5084; ppageno 0'>
   <div class='ocr_carea' id='block_1_1' title="bbox 723 495 906 584">
    <p class='ocr_par' dir='ltr' id='par_1_1' title="bbox 723 495 906 584">
     <span class='ocr_line' id='line_1_1' title="bbox 723 495 906 584; baseline 0.011 -18"><span class='ocrx_word' id='word_1_1' title='bbox 723 495 906 584; x_wconf 50' lang='grc' dir='ltr'><strong>μμ..</strong></span> 
     </span>
    </p>
   </div>
   <div class='ocr_carea' id='block_1_2' title="bbox 221 694 1382 2718">
    <p class='ocr_par' dir='ltr' id='par_1_2' title="bbox 265 694 1382 1216">
     <span class='ocr_line' id='line_1_2' title="bbox 350 694 1370 785; baseline -0.005 -18"><span class='ocrx_word' id='word_1_2' title='bbox 350 705 526 771; x_wconf 80' lang='lat' dir='ltr'><strong>&#39;l&#39;hevetius</strong></span> <span class='ocrx_word' id='word_1_3' title='bbox 541 707 566 774; x_wconf 84' lang='lat'><strong>¹)</strong></span> <span class='ocrx_word' id='word_1_4' title='bbox 596 714 723 785; x_wconf 85' lang='lat' dir='ltr'><strong>antem,</strong></span> <span class='ocrx_word' id='word_1_5' title='bbox 754 705 806 785; x_wconf 88' lang='lat' dir='ltr'><strong>qui</strong></span> <span class='ocrx_word' id='word_1_6' title='bbox 836 701 940 766; x_wconf 88' lang='lat' dir='ltr'><strong>medio</strong></span> <span class='ocrx_word' id='word_1_7' title='bbox 969 699 1102 763; x_wconf 84' lang='lat' dir='ltr'><strong>soeculo</strong></span> <span class='ocrx_word' id='word_1_8' title='bbox 1124 694 1370 764; x_wconf 79' lang='lat' dir='ltr'><strong>decimosexto</strong></span> 
     </span>
     <span class='ocr_line' id='line_1_3' title="bbox 268 793 1366 895; baseline -0.004 -19"><span class='ocrx_word' id='word_1_9' title='bbox 268 793 410 876; x_wconf 80' lang='lat' dir='ltr'><strong>Athenas</strong></span> <span class='ocrx_word' id='word_1_10' title='bbox 432 815 520 895; x_wconf 84' lang='lat' dir='ltr'><strong>adiit,</strong></span> <span class='ocrx_word' id='word_1_11' title='bbox 541 815 799 880; x_wconf 82' lang='lat' dir='ltr'><strong>urbemomuiuo</strong></span> <span class='ocrx_word' id='word_1_12' title='bbox 821 821 981 874; x_wconf 81' lang='lat' dir='ltr'><strong>vestatam</strong></span> <span class='ocrx_word' id='word_1_13' title='bbox 1005 810 1097 889; x_wconf 82' lang='lat' dir='ltr'><strong>dioit3</strong></span> <span class='ocrx_word' id='word_1_14' title='bbox 1121 811 1215 872; x_wconf 86' lang='lat' dir='ltr'><strong>multa</strong></span> <span class='ocrx_word' id='word_1_15' title='bbox 1240 809 1366 891; x_wconf 86' lang='lat' dir='ltr'><strong>quidem</strong></span> 
     </span>
     <span class='ocr_line' id='line_1_4' title="bbox 268 916 1369 1000; baseline -0.003 -21"><span class='ocrx_word' id='word_1_16' title='bbox 268 921 462 999; x_wconf 70' lang='lat' dir='ltr'><strong>antiquitatis</strong></span> <span class='ocrx_word' id='word_1_17' title='bbox 486 939 580 1000; x_wconf 87' lang='lat' dir='ltr'><strong>opera</strong></span> <span class='ocrx_word' id='word_1_18' title='bbox 601 936 775 998; x_wconf 79' lang='lat' dir='ltr'><strong>superesse</strong></span> <span class='ocrx_word' id='word_1_19' title='bbox 798 927 830 980; x_wconf 83' lang='lat' dir='ltr'><strong>et</strong></span> <span class='ocrx_word' id='word_1_20' title='bbox 853 916 969 997; x_wconf 78' lang='lat' dir='ltr'><strong>effodi,</strong></span> <span class='ocrx_word' id='word_1_21' title='bbox 992 916 1050 978; x_wconf 89' lang='lat' dir='ltr'><strong>sed</strong></span> <span class='ocrx_word' id='word_1_22' title='bbox 1072 916 1191 978; x_wconf 87' lang='lat' dir='ltr'><strong>incolas</strong></span> <span class='ocrx_word' id='word_1_23' title='bbox 1214 917 1302 978; x_wconf 89' lang='lat' dir='ltr'><strong>urbis</strong></span> <span class='ocrx_word' id='word_1_24' title='bbox 1323 917 1369 977; x_wconf 91' lang='lat' dir='ltr'><strong>nil</strong></span> 
     </span>
     <span class='ocr_line' id='line_1_5' title="bbox 273 1023 1382 1106; baseline -0.002 -20"><span class='ocrx_word' id='word_1_25' title='bbox 273 1043 382 1087; x_wconf 88' lang='lat' dir='ltr'><strong>curare</strong></span> <span class='ocrx_word' id='word_1_26' title='bbox 412 1035 614 1086; x_wconf 90' lang='lat' dir='ltr'><strong>monumenta</strong></span> <span class='ocrx_word' id='word_1_27' title='bbox 644 1027 696 1086; x_wconf 88' lang='lat' dir='ltr'><strong>illa</strong></span> <span class='ocrx_word' id='word_1_28' title='bbox 726 1025 957 1106; x_wconf 85' lang='lat' dir='ltr'><strong>pretiosissima</strong></span> <span class='ocrx_word' id='word_1_29' title='bbox 980 1025 1077 1106; x_wconf 74' lang='lat' dir='ltr'><strong>(oqui</strong></span> <span class='ocrx_word' id='word_1_30' title='bbox 1106 1033 1161 1086; x_wconf 85' lang='lat' dir='ltr'><strong>ont</strong></span> <span class='ocrx_word' id='word_1_31' title='bbox 1188 1042 1249 1105; x_wconf 88' lang='lat' dir='ltr'><strong>petr</strong></span> <span class='ocrx_word' id='word_1_32' title='bbox 1277 1023 1382 1099; x_wconf 45' lang='lat' dir='ltr'><strong>d’csq</strong></span> 
     </span>
     <span class='ocr_line' id='line_1_6' title="bbox 265 1126 1315 1216; baseline -0.002 -20"><span class='ocrx_word' id='word_1_33' title='bbox 265 1135 345 1215; x_wconf 83' lang='lat' dir='ltr'><strong>gard</strong></span> <span class='ocrx_word' id='word_1_34' title='bbox 367 1145 400 1198; x_wconf 89' lang='lat' dir='ltr'><strong>et</strong></span> <span class='ocrx_word' id='word_1_35' title='bbox 422 1135 462 1197; x_wconf 86' lang='lat' dir='ltr'><strong>de</strong></span> <span class='ocrx_word' id='word_1_36' title='bbox 485 1156 658 1199; x_wconf 82' lang='lat' dir='ltr'><strong>roverenoe</strong></span> <span class='ocrx_word' id='word_1_37' title='bbox 678 1133 696 1198; x_wconf 77' lang='lat' dir='ltr'><strong>i</strong></span> <span class='ocrx_word' id='word_1_38' title='bbox 720 1137 810 1198; x_wconf 85' lang='lat' dir='ltr'><strong>telles</strong></span> <span class='ocrx_word' id='word_1_39' title='bbox 833 1133 1042 1196; x_wconf 71' lang='lat' dir='ltr'><strong>memorahles</strong></span> <span class='ocrx_word' id='word_1_40' title='bbox 1066 1126 1315 1216; x_wconf 74' lang='lat' dir='ltr'><strong>antiqneillean.</strong></span> 
     </span>
    </p>

    <p class='ocr_par' dir='ltr' id='par_1_3' title="bbox 221 1242 1368 2718">
     <span class='ocr_line' id='line_1_7' title="bbox 353 1242 1367 1321; baseline -0.003 -15"><span class='ocrx_word' id='word_1_41' title='bbox 353 1245 425 1306; x_wconf 85' lang='lat' dir='ltr'><strong>llno</strong></span> <span class='ocrx_word' id='word_1_42' title='bbox 447 1263 598 1306; x_wconf 89' lang='lat' dir='ltr'><strong>annorum</strong></span> <span class='ocrx_word' id='word_1_43' title='bbox 621 1243 702 1304; x_wconf 91' lang='lat' dir='ltr'><strong>milia</strong></span> <span class='ocrx_word' id='word_1_44' title='bbox 728 1243 804 1304; x_wconf 91' lang='lat' dir='ltr'><strong>urbs</strong></span> <span class='ocrx_word' id='word_1_45' title='bbox 827 1262 927 1320; x_wconf 82' lang='lat' dir='ltr'><strong>paene</strong></span> <span class='ocrx_word' id='word_1_46' title='bbox 951 1242 1058 1321; x_wconf 78' lang='lat' dir='ltr'><strong>ignota</strong></span> <span class='ocrx_word' id='word_1_47' title='bbox 1073 1252 1152 1319; x_wconf 87' lang='lat' dir='ltr'><strong>erat,</strong></span> <span class='ocrx_word' id='word_1_48' title='bbox 1177 1242 1280 1304; x_wconf 89' lang='lat' dir='ltr'><strong>donec</strong></span> <span class='ocrx_word' id='word_1_49' title='bbox 1302 1244 1367 1304; x_wconf 89' lang='lat' dir='ltr'><strong>hoc</strong></span> 
     </span>
     <span class='ocr_line' id='line_1_8' title="bbox 266 1334 1365 1432; baseline 0 -20"><span class='ocrx_word' id='word_1_50' title='bbox 266 1361 377 1412; x_wconf 90' lang='lat' dir='ltr'><strong>nostro</strong></span> <span class='ocrx_word' id='word_1_51' title='bbox 407 1352 539 1414; x_wconf 86' lang='lat' dir='ltr'><strong>sacculo</strong></span> <span class='ocrx_word' id='word_1_52' title='bbox 569 1351 671 1412; x_wconf 86' lang='lat' dir='ltr'><strong>denuo</strong></span> <span class='ocrx_word' id='word_1_53' title='bbox 704 1370 819 1412; x_wconf 90' lang='lat' dir='ltr'><strong>nomen·</strong></span> <span class='ocrx_word' id='word_1_54' title='bbox 843 1349 914 1412; x_wconf 88' lang='lat' dir='ltr'><strong>eius</strong></span> <span class='ocrx_word' id='word_1_55' title='bbox 938 1351 1085 1412; x_wconf 86' lang='lat' dir='ltr'><strong>cilioruit.</strong></span> <span class='ocrx_word' id='word_1_56' title='bbox 1130 1353 1235 1413; x_wconf 88' lang='lat' dir='ltr'><strong>Nemo</strong></span> <span class='ocrx_word' id='word_1_57' title='bbox 1257 1334 1365 1432; x_wconf 83' lang='lat' dir='ltr'><strong>antem</strong></span> 
     </span>
     <span class='ocr_line' id='line_1_9' title="bbox 265 1443 1365 1544; baseline -0.003 -21"><span class='ocrx_word' id='word_1_58' title='bbox 265 1462 343 1538; x_wconf 82' lang='lat' dir='ltr'><strong>luit,</strong></span> <span class='ocrx_word' id='word_1_59' title='bbox 374 1466 446 1544; x_wconf 85' lang='lat' dir='ltr'><strong>qui,</strong></span> <span class='ocrx_word' id='word_1_60' title='bbox 477 1451 651 1544; x_wconf 89' lang='lat' dir='ltr'><strong>quomodo</strong></span> <span class='ocrx_word' id='word_1_61' title='bbox 666 1461 816 1524; x_wconf 80' lang='lat' dir='ltr'><strong>ceciderit</strong></span> <span class='ocrx_word' id='word_1_62' title='bbox 839 1468 870 1520; x_wconf 88' lang='lat' dir='ltr'><strong>ot</strong></span> <span class='ocrx_word' id='word_1_63' title='bbox 892 1443 936 1522; x_wconf 89' lang='lat' dir='ltr'><strong>ad</strong></span> <span class='ocrx_word' id='word_1_64' title='bbox 955 1459 1081 1522; x_wconf 91' lang='lat' dir='ltr'><strong>nihilum</strong></span> <span class='ocrx_word' id='word_1_65' title='bbox 1106 1457 1235 1520; x_wconf 83' lang='lat' dir='ltr'><strong>redacta</strong></span> <span class='ocrx_word' id='word_1_66' title='bbox 1257 1459 1365 1531; x_wconf 83' lang='lat' dir='ltr'><strong>fuerit,</strong></span> 
     </span>
     <span class='ocr_line' id='line_1_10' title="bbox 264 1549 1367 1650; baseline -0.003 -18"><span class='ocrx_word' id='word_1_67' title='bbox 264 1575 449 1632; x_wconf 79' lang='lat' dir='ltr'><strong>accuratius</strong></span> <span class='ocrx_word' id='word_1_68' title='bbox 478 1571 712 1650; x_wconf 89' lang='lat' dir='ltr'><strong>perquisiverit.</strong></span> <span class='ocrx_word' id='word_1_69' title='bbox 762 1569 899 1636; x_wconf 76' lang='lat' dir='ltr'><strong>Eadem,</strong></span> <span class='ocrx_word' id='word_1_70' title='bbox 933 1586 1015 1650; x_wconf 86' lang='lat' dir='ltr'><strong>quae</strong></span> <span class='ocrx_word' id='word_1_71' title='bbox 1041 1569 1094 1630; x_wconf 90' lang='lat' dir='ltr'><strong>vel</strong></span> <span class='ocrx_word' id='word_1_72' title='bbox 1127 1587 1146 1630; x_wconf 88' lang='lat' dir='ltr'><strong>a</strong></span> <span class='ocrx_word' id='word_1_73' title='bbox 1176 1549 1281 1630; x_wconf 76' lang='lat' dir='ltr'><strong>&#39;l&#39;tirca</strong></span> <span class='ocrx_word' id='word_1_74' title='bbox 1312 1568 1367 1629; x_wconf 94' lang='lat' dir='ltr'><strong>illo</strong></span> 
     </span>
     <span class='ocr_line' id='line_1_11' title="bbox 265 1657 1368 1756; baseline -0.004 -18"><span class='ocrx_word' id='word_1_75' title='bbox 265 1665 469 1738; x_wconf 80' lang='lat' dir='ltr'><strong>Seadeddino</strong></span> <span class='ocrx_word' id='word_1_76' title='bbox 485 1677 516 1750; x_wconf 62' lang='grc' dir='ltr'><strong>Ω)</strong></span> <span class='ocrx_word' id='word_1_77' title='bbox 539 1674 673 1756; x_wconf 79' lang='lat' dir='ltr'><strong>„patria</strong></span> <span class='ocrx_word' id='word_1_78' title='bbox 689 1672 972 1754; x_wconf 74' lang='lat' dir='ltr'><strong>philosophorum“</strong></span> <span class='ocrx_word' id='word_1_79' title='bbox 999 1673 1134 1752; x_wconf 91' lang='lat' dir='ltr'><strong>dicitnr,</strong></span> <span class='ocrx_word' id='word_1_80' title='bbox 1157 1657 1282 1743; x_wconf 88' lang='lat' dir='ltr'><strong>omnino</strong></span> <span class='ocrx_word' id='word_1_81' title='bbox 1304 1672 1368 1734; x_wconf 88' lang='lat' dir='ltr'><strong>de-</strong></span> 
     </span>
     <span class='ocr_line' id='line_1_12' title="bbox 221 1774 1367 1865; baseline 0.004 -28"><span class='ocrx_word' id='word_1_82' title='bbox 221 1825 229 1837; x_wconf 67' lang='grc'>,</span> <span class='ocrx_word' id='word_1_83' title='bbox 264 1781 352 1842; x_wconf 71' lang='lat' dir='ltr'><strong>serta</strong></span> <span class='ocrx_word' id='word_1_84' title='bbox 373 1789 405 1841; x_wconf 88' lang='lat' dir='ltr'><strong>et</strong></span> <span class='ocrx_word' id='word_1_85' title='bbox 427 1791 602 1860; x_wconf 81' lang='lat' dir='ltr'><strong>temporum</strong></span> <span class='ocrx_word' id='word_1_86' title='bbox 625 1779 711 1840; x_wconf 84' lang='lat' dir='ltr'><strong>ruina</strong></span> <span class='ocrx_word' id='word_1_87' title='bbox 734 1781 844 1840; x_wconf 88' lang='lat' dir='ltr'><strong>ohruta</strong></span> <span class='ocrx_word' id='word_1_88' title='bbox 858 1788 926 1840; x_wconf 88' lang='lat' dir='ltr'><strong>erat</strong></span> <span class='ocrx_word' id='word_1_89' title='bbox 941 1789 1081 1842; x_wconf 84' lang='lat' dir='ltr'><strong>exeunte</strong></span> <span class='ocrx_word' id='word_1_90' title='bbox 1092 1781 1224 1841; x_wconf 84' lang='lat' dir='ltr'><strong>saeculo</strong></span> <span class='ocrx_word' id='word_1_91' title='bbox 1241 1774 1367 1865; x_wconf 87' lang='lat' dir='ltr'><strong>decimo</strong></span> 
     </span>
     <span class='ocr_line' id='line_1_13' title="bbox 264 1885 1366 1968; baseline -0.001 -21"><span class='ocrx_word' id='word_1_92' title='bbox 264 1887 418 1966; x_wconf 86' lang='lat' dir='ltr'><strong>septimo,</strong></span> <span class='ocrx_word' id='word_1_93' title='bbox 441 1905 502 1967; x_wconf 90' lang='lat' dir='ltr'><strong>qno</strong></span> <span class='ocrx_word' id='word_1_94' title='bbox 524 1886 662 1966; x_wconf 83' lang='lat' dir='ltr'><strong>Spouius</strong></span> <span class='ocrx_word' id='word_1_95' title='bbox 684 1893 717 1947; x_wconf 89' lang='lat' dir='ltr'><strong>et</strong></span> <span class='ocrx_word' id='word_1_96' title='bbox 738 1885 915 1947; x_wconf 87' lang='lat' dir='ltr'><strong>Whelerus</strong></span> <span class='ocrx_word' id='word_1_97' title='bbox 939 1905 1009 1948; x_wconf 85' lang='lat' dir='ltr'><strong>eam</strong></span> <span class='ocrx_word' id='word_1_98' title='bbox 1033 1886 1188 1950; x_wconf 86' lang='lat' dir='ltr'><strong>viderunt.</strong></span> <span class='ocrx_word' id='word_1_99' title='bbox 1233 1887 1366 1968; x_wconf 61' lang='lat' dir='ltr'><strong>Aequi</strong></span> 
     </span>
     <span class='ocr_line' id='line_1_14' title="bbox 265 1992 1366 2076; baseline -0.002 -20"><span class='ocrx_word' id='word_1_100' title='bbox 265 2006 338 2076; x_wconf 89' lang='lat' dir='ltr'><strong>post</strong></span> <span class='ocrx_word' id='word_1_101' title='bbox 361 2004 486 2076; x_wconf 89' lang='lat' dir='ltr'><strong>captam</strong></span> <span class='ocrx_word' id='word_1_102' title='bbox 510 1993 695 2056; x_wconf 80' lang='lat' dir='ltr'><strong>Corinthum</strong></span> <span class='ocrx_word' id='word_1_103' title='bbox 730 2015 842 2056; x_wconf 89' lang='lat' dir='ltr'><strong>nomen</strong></span> <span class='ocrx_word' id='word_1_104' title='bbox 867 1995 934 2056; x_wconf 87' lang='lat' dir='ltr'><strong>eius</strong></span> <span class='ocrx_word' id='word_1_105' title='bbox 958 1992 1117 2054; x_wconf 89' lang='lat' dir='ltr'><strong>oblivione</strong></span> <span class='ocrx_word' id='word_1_106' title='bbox 1136 1994 1265 2055; x_wconf 91' lang='lat' dir='ltr'><strong>omniuo</strong></span> <span class='ocrx_word' id='word_1_107' title='bbox 1287 2011 1366 2054; x_wconf 90' lang='lat' dir='ltr'><strong>eor-</strong></span> 
     </span>
     <span class='ocr_line' id='line_1_15' title="bbox 265 2076 1366 2182; baseline -0.002 -20"><span class='ocrx_word' id='word_1_108' title='bbox 265 2109 405 2182; x_wconf 90' lang='lat' dir='ltr'><strong>reptum,</strong></span> <span class='ocrx_word' id='word_1_109' title='bbox 444 2119 550 2182; x_wconf 88' lang='lat' dir='ltr'><strong>neque</strong></span> <span class='ocrx_word' id='word_1_110' title='bbox 579 2103 719 2180; x_wconf 81' lang='lat' dir='ltr'><strong>nuquam</strong></span> <span class='ocrx_word' id='word_1_111' title='bbox 742 2118 846 2162; x_wconf 86' lang='lat' dir='ltr'><strong>novos</strong></span> <span class='ocrx_word' id='word_1_112' title='bbox 876 2100 908 2181; x_wconf 87' lang='lat' dir='ltr'><strong>in</strong></span> <span class='ocrx_word' id='word_1_113' title='bbox 938 2117 978 2160; x_wconf 86' lang='lat' dir='ltr'><strong>ea</strong></span> <span class='ocrx_word' id='word_1_114' title='bbox 1006 2099 1173 2160; x_wconf 85' lang='lat' dir='ltr'><strong>exstitisse</strong></span> <span class='ocrx_word' id='word_1_115' title='bbox 1202 2076 1366 2180; x_wconf 86' lang='lat' dir='ltr'><strong>dominos,</strong></span> 
     </span>
     <span class='ocr_line' id='line_1_16' title="bbox 263 2209 1365 2290; baseline -0.001 -19"><span class='ocrx_word' id='word_1_116' title='bbox 263 2210 383 2271; x_wconf 71' lang='lat' dir='ltr'><strong>artibus</strong></span> <span class='ocrx_word' id='word_1_117' title='bbox 407 2219 439 2270; x_wconf 87' lang='lat' dir='ltr'><strong>et</strong></span> <span class='ocrx_word' id='word_1_118' title='bbox 462 2210 574 2281; x_wconf 87' lang='lat' dir='ltr'><strong>litteris</strong></span> <span class='ocrx_word' id='word_1_119' title='bbox 596 2210 811 2290; x_wconf 83' lang='lat' dir='ltr'><strong>indulgentes,</strong></span> <span class='ocrx_word' id='word_1_120' title='bbox 836 2209 1034 2286; x_wconf 83' lang='lat' dir='ltr'><strong>existimant,</strong></span> <span class='ocrx_word' id='word_1_121' title='bbox 1059 2209 1184 2269; x_wconf 90' lang='lat' dir='ltr'><strong>omnino</strong></span> <span class='ocrx_word' id='word_1_122' title='bbox 1207 2209 1365 2270; x_wconf 84' lang='lat' dir='ltr'><strong>falluntur.</strong></span> 
     </span>
     <span class='ocr_line' id='line_1_17' title="bbox 263 2313 1365 2378; baseline 0 -2"><span class='ocrx_word' id='word_1_123' title='bbox 263 2317 356 2378; x_wconf 84' lang='lat' dir='ltr'><strong>Licet</strong></span> <span class='ocrx_word' id='word_1_124' title='bbox 384 2317 475 2378; x_wconf 87' lang='lat' dir='ltr'><strong>Sulla</strong></span> <span class='ocrx_word' id='word_1_125' title='bbox 508 2334 581 2376; x_wconf 89' lang='lat' dir='ltr'><strong>oum</strong></span> <span class='ocrx_word' id='word_1_126' title='bbox 612 2317 752 2376; x_wconf 85' lang='lat' dir='ltr'><strong>barbaris</strong></span> <span class='ocrx_word' id='word_1_127' title='bbox 781 2317 849 2375; x_wconf 86' lang='lat' dir='ltr'><strong>suis</strong></span> <span class='ocrx_word' id='word_1_128' title='bbox 872 2313 1053 2376; x_wconf 78' lang='lat' dir='ltr'><strong>cohortibus</strong></span> <span class='ocrx_word' id='word_1_129' title='bbox 1076 2315 1181 2376; x_wconf 89' lang='lat' dir='ltr'><strong>urbem</strong></span> <span class='ocrx_word' id='word_1_130' title='bbox 1205 2313 1365 2376; x_wconf 86' lang='lat' dir='ltr'><strong>devaste-</strong></span> 
     </span>
     <span class='ocr_line' id='line_1_18' title="bbox 263 2402 1360 2502; baseline 0 -22"><span class='ocrx_word' id='word_1_131' title='bbox 263 2421 315 2500; x_wconf 87' lang='lat' dir='ltr'><strong>rit‚</strong></span> <span class='ocrx_word' id='word_1_132' title='bbox 345 2418 525 2500; x_wconf 83' lang='lat' dir='ltr'><strong>Gothique,</strong></span> <span class='ocrx_word' id='word_1_133' title='bbox 548 2421 676 2481; x_wconf 81' lang='lat' dir='ltr'><strong>Alarico</strong></span> <span class='ocrx_word' id='word_1_134' title='bbox 699 2402 801 2499; x_wconf 83' lang='lat' dir='ltr'><strong>duco,</strong></span> <span class='ocrx_word' id='word_1_135' title='bbox 826 2437 895 2478; x_wconf 88' lang='lat' dir='ltr'><strong>eam</strong></span> <span class='ocrx_word' id='word_1_136' title='bbox 920 2419 1060 2499; x_wconf 73' lang='lat' dir='ltr'><strong>ceperint</strong></span> <span class='ocrx_word' id='word_1_137' title='bbox 1083 2427 1114 2478; x_wconf 90' lang='lat' dir='ltr'><strong>et</strong></span> <span class='ocrx_word' id='word_1_138' title='bbox 1138 2421 1360 2502; x_wconf 84' lang='lat' dir='ltr'><strong>expilaverint,</strong></span> 
     </span>
     <span class='ocr_line' id='line_1_19' title="bbox 263 2509 1361 2611; baseline 0 -23"><span class='ocrx_word' id='word_1_139' title='bbox 263 2529 339 2588; x_wconf 88' lang='lat' dir='ltr'><strong>licet</strong></span> <span class='ocrx_word' id='word_1_140' title='bbox 362 2527 571 2605; x_wconf 87' lang='lat' dir='ltr'><strong>lustiuionus,</strong></span> <span class='ocrx_word' id='word_1_141' title='bbox 601 2536 635 2586; x_wconf 88' lang='lat' dir='ltr'><strong>nt</strong></span> <span class='ocrx_word' id='word_1_142' title='bbox 657 2529 856 2608; x_wconf 87' lang='lat' dir='ltr'><strong>antiquorum</strong></span> <span class='ocrx_word' id='word_1_143' title='bbox 879 2509 1008 2611; x_wconf 79' lang='lat' dir='ltr'><strong>deorum</strong></span> <span class='ocrx_word' id='word_1_144' title='bbox 1032 2529 1136 2590; x_wconf 90' lang='lat' dir='ltr'><strong>cultus</strong></span> <span class='ocrx_word' id='word_1_145' title='bbox 1158 2513 1361 2610; x_wconf 85' lang='lat' dir='ltr'><strong>opprimeret,</strong></span> 
     </span>
     <span class='ocr_line' id='line_1_20' title="bbox 264 2618 1365 2718; baseline 0.005 -24"><span class='ocrx_word' id='word_1_146' title='bbox 264 2633 518 2714; x_wconf 86' lang='lat' dir='ltr'><strong>philosophorum</strong></span> <span class='ocrx_word' id='word_1_147' title='bbox 551 2635 592 2696; x_wconf 90' lang='lat' dir='ltr'><strong>ibi</strong></span> <span class='ocrx_word' id='word_1_148' title='bbox 622 2639 880 2698; x_wconf 86' lang='lat' dir='ltr'><strong>commorantium</strong></span> <span class='ocrx_word' id='word_1_149' title='bbox 916 2637 1046 2698; x_wconf 82' lang='lat' dir='ltr'><strong>scholas</strong></span> <span class='ocrx_word' id='word_1_150' title='bbox 1079 2639 1251 2718; x_wconf 82' lang='lat' dir='ltr'><strong>clauserit,</strong></span> <span class='ocrx_word' id='word_1_151' title='bbox 1288 2618 1365 2699; x_wconf 79' lang='lat' dir='ltr'><strong>lieet</strong></span> 
     </span>
    </p>
   </div>
   <div class='ocr_carea' id='block_1_3' title="bbox 262 2742 1461 2827">
    <p class='ocr_par' dir='ltr' id='par_1_4' title="bbox 262 2742 1461 2827">
     <span class='ocr_line' id='line_1_21' title="bbox 262 2742 1461 2827; baseline 0.002 -23"><span class='ocrx_word' id='word_1_152' title='bbox 262 2742 389 2825; x_wconf 83' lang='lat' dir='ltr'><strong>agmina</strong></span> <span class='ocrx_word' id='word_1_153' title='bbox 411 2743 565 2804; x_wconf 78' lang='lat' dir='ltr'><strong>ferocium</strong></span> <span class='ocrx_word' id='word_1_154' title='bbox 592 2743 992 2827; x_wconf 42' lang='lat' dir='ltr'><strong>BalgarorumpUzorum,</strong></span> <span class='ocrx_word' id='word_1_155' title='bbox 1017 2747 1231 2808; x_wconf 82' lang='lat' dir='ltr'><strong>Cumanorum</strong></span> <span class='ocrx_word' id='word_1_156' title='bbox 1255 2743 1366 2808; x_wconf 85' lang='lat' dir='ltr'><strong>Grae·</strong></span> <span class='ocrx_word' id='word_1_157' title='bbox 1456 2786 1461 2792; x_wconf 79' lang='lat'><em>.</em></span> 
     </span>
    </p>
   </div>
   <div class='ocr_carea' id='block_1_4' title="bbox 263 2843 1365 3039">
    <p class='ocr_par' dir='ltr' id='par_1_5' title="bbox 263 2843 1365 3039">
     <span class='ocr_line' id='line_1_22' title="bbox 263 2843 1360 2934; baseline 0.004 -24"><span class='ocrx_word' id='word_1_158' title='bbox 263 2851 344 2911; x_wconf 89' lang='lat' dir='ltr'><strong>ciam</strong></span> <span class='ocrx_word' id='word_1_159' title='bbox 370 2843 561 2912; x_wconf 79' lang='lat' dir='ltr'><strong>vexaverint</strong></span> <span class='ocrx_word' id='word_1_160' title='bbox 583 2853 747 2932; x_wconf 81' lang='lat' dir='ltr'><strong>acerrime,</strong></span> <span class='ocrx_word' id='word_1_161' title='bbox 771 2861 876 2933; x_wconf 78' lang='lat' dir='ltr'><strong>tannen</strong></span> <span class='ocrx_word' id='word_1_162' title='bbox 895 2853 987 2914; x_wconf 89' lang='lat' dir='ltr'><strong>simul</strong></span> <span class='ocrx_word' id='word_1_163' title='bbox 1009 2871 1081 2914; x_wconf 89' lang='lat' dir='ltr'><strong>oum</strong></span> <span class='ocrx_word' id='word_1_164' title='bbox 1105 2855 1205 2915; x_wconf 82' lang='lat' dir='ltr'><strong>sacris</strong></span> <span class='ocrx_word' id='word_1_165' title='bbox 1228 2853 1360 2934; x_wconf 85' lang='lat' dir='ltr'><strong>expedi-</strong></span> 
     </span>
     <span class='ocr_line' id='line_1_23' title="bbox 263 2956 1365 3039; baseline 0.004 -21"><span class='ocrx_word' id='word_1_166' title='bbox 263 2957 401 3018; x_wconf 89' lang='lat' dir='ltr'><strong>tionibus</strong></span> <span class='ocrx_word' id='word_1_167' title='bbox 423 2975 508 3018; x_wconf 91' lang='lat' dir='ltr'><strong>uova</strong></span> <span class='ocrx_word' id='word_1_168' title='bbox 531 2956 599 3016; x_wconf 88' lang='lat' dir='ltr'><strong>dios</strong></span> <span class='ocrx_word' id='word_1_169' title='bbox 623 2956 758 3018; x_wconf 86' lang='lat' dir='ltr'><strong>Athenis</strong></span> <span class='ocrx_word' id='word_1_170' title='bbox 780 2957 889 3019; x_wconf 86' lang='lat' dir='ltr'><strong>illuxit.</strong></span> <span class='ocrx_word' id='word_1_171' title='bbox 919 2957 1100 3039; x_wconf 76' lang='lat' dir='ltr'><strong>Burgundio</strong></span> <span class='ocrx_word' id='word_1_172' title='bbox 1123 2960 1365 3022; x_wconf 74' lang='lat' dir='ltr'><strong>conterendus</strong></span> 
     </span>
    </p>
   </div>
   <div class='ocr_carea' id='block_1_5' title="bbox 263 3062 1364 3157">
    <p class='ocr_par' dir='ltr' id='par_1_6' title="bbox 263 3062 1364 3157">
     <span class='ocr_line' id='line_1_24' title="bbox 263 3062 1364 3157; baseline 0.006 -33"><span class='ocrx_word' id='word_1_173' title='bbox 263 3062 412 3144; x_wconf 82' lang='lat' dir='ltr'><strong>ducibus,</strong></span> <span class='ocrx_word' id='word_1_174' title='bbox 436 3065 581 3128; x_wconf 85' lang='lat' dir='ltr'><strong>Athenae</strong></span> <span class='ocrx_word' id='word_1_175' title='bbox 603 3065 708 3157; x_wconf 76' lang='lat' dir='ltr'><strong>prisco</strong></span> <span class='ocrx_word' id='word_1_176' title='bbox 731 3066 900 3147; x_wconf 83' lang='lat' dir='ltr'><strong>splendore</strong></span> <span class='ocrx_word' id='word_1_177' title='bbox 922 3067 1140 3146; x_wconf 31' lang='lat' dir='ltr'><strong>circumdatae,</strong></span> <span class='ocrx_word' id='word_1_178' title='bbox 1157 3081 1242 3148; x_wconf 84' lang='lat' dir='ltr'><strong>sunt,</strong></span> <span class='ocrx_word' id='word_1_179' title='bbox 1265 3089 1364 3151; x_wconf 87' lang='lat' dir='ltr'><strong>quum</strong></span> 
     </span>
    </p>
   </div>
   <div class='ocr_carea' id='block_1_6' title="bbox 277 3239 533 3255">
    <p class='ocr_par' dir='ltr' id='par_1_7' title="bbox 277 3239 533 3255">
     <span class='ocr_line' id='line_1_25' title="bbox 277 3239 533 3255; baseline 0.012 -3"><span class='ocrx_word' id='word_1_180' title='bbox 277 3239 533 3255; x_wconf 54' lang='lat' dir='ltr'><em>m</em></span> 
     </span>
    </p>
   </div>
   <div class='ocr_carea' id='block_1_7' title="bbox 277 3335 1364 3971">
    <p class='ocr_par' dir='ltr' id='par_1_8' title="bbox 282 3335 1364 3802">
     <span class='ocr_line' id='line_1_26' title="bbox 282 3335 1361 3421; baseline 0.002 -25"><span class='ocrx_word' id='word_1_181' title='bbox 282 3347 309 3412; x_wconf 90' lang='lat'><strong>1)</strong></span> <span class='ocrx_word' id='word_1_182' title='bbox 327 3349 428 3400; x_wconf 81' lang='lat' dir='ltr'><strong>Thevet</strong></span> <span class='ocrx_word' id='word_1_183' title='bbox 448 3351 664 3417; x_wconf 79' lang='lat' dir='ltr'><strong>Cosrnographie</strong></span> <span class='ocrx_word' id='word_1_184' title='bbox 682 3359 715 3406; x_wconf 87' lang='lat' dir='ltr'><strong>de</strong></span> <span class='ocrx_word' id='word_1_185' title='bbox 733 3355 839 3406; x_wconf 80' lang='lat' dir='ltr'><strong>Levant</strong></span> <span class='ocrx_word' id='word_1_186' title='bbox 856 3355 957 3421; x_wconf 81' lang='lat' dir='ltr'><strong>(hyon.</strong></span> <span class='ocrx_word' id='word_1_187' title='bbox 983 3335 1064 3404; x_wconf 71' lang='grc'><strong>1554.</strong></span> <span class='ocrx_word' id='word_1_188' title='bbox 1082 3353 1125 3418; x_wconf 82' lang='grc'><strong>4.)</strong></span> <span class='ocrx_word' id='word_1_189' title='bbox 1152 3353 1229 3414; x_wconf 85' lang='lat' dir='ltr'><strong>ohap.</strong></span> <span class='ocrx_word' id='word_1_190' title='bbox 1247 3349 1361 3401; x_wconf 83' lang='lat' dir='ltr'><strong>xxvnr</strong></span> 
     </span>
     <span class='ocr_line' id='line_1_27' title="bbox 330 3439 1345 3506; baseline 0.02 -18"><span class='ocrx_word' id='word_1_191' title='bbox 330 3439 490 3498; x_wconf 77' lang='lat' dir='ltr'><strong>D’Athenes.</strong></span> <span class='ocrx_word' id='word_1_192' title='bbox 509 3459 533 3506; x_wconf 88' lang='lat' dir='ltr'><strong>p.</strong></span> <span class='ocrx_word' id='word_1_193' title='bbox 552 3447 669 3495; x_wconf 70' lang='lat' dir='ltr'><strong>tte-nt.</strong></span> <span class='ocrx_word' id='word_1_194' title='bbox 876 3445 878 3452; x_wconf 59' lang='lat'>‘</span> <span class='ocrx_word' id='word_1_195' title='bbox 1341 3439 1345 3442; x_wconf 41' lang='grc'><strong>’</strong></span> 
     </span>
     <span class='ocr_line' id='line_1_28' title="bbox 329 3514 1363 3599; baseline 0.004 -17"><span class='ocrx_word' id='word_1_196' title='bbox 329 3533 388 3594; x_wconf 77' lang='lat' dir='ltr'><strong>„tir</strong></span> <span class='ocrx_word' id='word_1_197' title='bbox 406 3539 447 3582; x_wconf 76' lang='lat' dir='ltr'><strong>est</strong></span> <span class='ocrx_word' id='word_1_198' title='bbox 464 3535 582 3584; x_wconf 82' lang='lat' dir='ltr'><strong>Athene-s</strong></span> <span class='ocrx_word' id='word_1_199' title='bbox 608 3514 774 3585; x_wconf 80' lang='lat' dir='ltr'><strong>maintcnnnt</strong></span> <span class='ocrx_word' id='word_1_200' title='bbox 797 3531 890 3586; x_wconf 73' lang='lat' dir='ltr'><strong>ruint&#39;ee</strong></span> <span class='ocrx_word' id='word_1_201' title='bbox 908 3543 933 3586; x_wconf 84' lang='lat' dir='ltr'><strong>et</strong></span> <span class='ocrx_word' id='word_1_202' title='bbox 950 3549 971 3598; x_wconf 83' lang='lat' dir='ltr'>y</span> <span class='ocrx_word' id='word_1_203' title='bbox 993 3542 1048 3588; x_wconf 79' lang='lat' dir='ltr'><strong>voit</strong></span> <span class='ocrx_word' id='word_1_204' title='bbox 1071 3551 1105 3587; x_wconf 93' lang='lat' dir='ltr'><strong>on</strong></span> <span class='ocrx_word' id='word_1_205' title='bbox 1130 3549 1245 3587; x_wconf 85' lang='lat' dir='ltr'><strong>encores</strong></span> <span class='ocrx_word' id='word_1_206' title='bbox 1263 3532 1281 3588; x_wconf 74' lang='lat' dir='ltr'><strong>ai</strong></span> <span class='ocrx_word' id='word_1_207' title='bbox 1299 3551 1363 3599; x_wconf 84' lang='lat' dir='ltr'><strong>pre·</strong></span> 
     </span>
     <span class='ocr_line' id='line_1_29' title="bbox 329 3625 1364 3692; baseline 0.005 -19"><span class='ocrx_word' id='word_1_208' title='bbox 329 3631 392 3674; x_wconf 85' lang='lat' dir='ltr'><strong>sent</strong></span> <span class='ocrx_word' id='word_1_209' title='bbox 409 3627 492 3676; x_wconf 84' lang='lat' dir='ltr'><strong>helles</strong></span> <span class='ocrx_word' id='word_1_210' title='bbox 509 3629 656 3691; x_wconf 74' lang='lat' dir='ltr'><strong>antiquina</strong></span> <span class='ocrx_word' id='word_1_211' title='bbox 674 3635 701 3678; x_wconf 86' lang='lat' dir='ltr'><strong>et</strong></span> <span class='ocrx_word' id='word_1_212' title='bbox 718 3630 816 3678; x_wconf 83' lang='lat' dir='ltr'><strong>choses</strong></span> <span class='ocrx_word' id='word_1_213' title='bbox 841 3629 885 3691; x_wconf 81' lang='lat' dir='ltr'><strong>qni</strong></span> <span class='ocrx_word' id='word_1_214' title='bbox 909 3635 956 3677; x_wconf 88' lang='lat' dir='ltr'><strong>ont</strong></span> <span class='ocrx_word' id='word_1_215' title='bbox 980 3625 1038 3677; x_wconf 79' lang='lat' dir='ltr'><strong>este</strong></span> <span class='ocrx_word' id='word_1_216' title='bbox 1056 3629 1192 3678; x_wconf 80' lang='lat' dir='ltr'><strong>autrefois</strong></span> <span class='ocrx_word' id='word_1_217' title='bbox 1211 3631 1241 3678; x_wconf 86' lang='lat' dir='ltr'><strong>de</strong></span> <span class='ocrx_word' id='word_1_218' title='bbox 1259 3632 1364 3692; x_wconf 76' lang='lat' dir='ltr'><strong>grande</strong></span> 
     </span>
     <span class='ocr_line' id='line_1_30' title="bbox 327 3720 879 3802; baseline 0.009 -35"><span class='ocrx_word' id='word_1_219' title='bbox 327 3720 483 3771; x_wconf 88' lang='lat' dir='ltr'><strong>excellence</strong></span> <span class='ocrx_word' id='word_1_220' title='bbox 501 3720 574 3772; x_wconf 75' lang='lat' dir='ltr'><strong>etc.‘⁶</strong></span> <span class='ocrx_word' id='word_1_221' title='bbox 875 3781 879 3802; x_wconf 40' lang='lat'><strong><em>⁴</em></strong></span> 
     </span>
    </p>

    <p class='ocr_par' dir='ltr' id='par_1_9' title="bbox 277 3809 1363 3971">
     <span class='ocr_line' id='line_1_31' title="bbox 277 3809 1363 3880; baseline 0.005 -19"><span class='ocrx_word' id='word_1_222' title='bbox 277 3811 310 3869; x_wconf 70' lang='lat'><strong>2)</strong></span> <span class='ocrx_word' id='word_1_223' title='bbox 329 3809 463 3862; x_wconf 85' lang='lat' dir='ltr'><strong>Chronica</strong></span> <span class='ocrx_word' id='word_1_224' title='bbox 480 3815 542 3862; x_wconf 79' lang='lat' dir='ltr'><strong>delt&#39;</strong></span> <span class='ocrx_word' id='word_1_225' title='bbox 560 3813 666 3874; x_wconf 78' lang='lat' dir='ltr'><strong>origine</strong></span> <span class='ocrx_word' id='word_1_226' title='bbox 684 3828 700 3864; x_wconf 86' lang='lat' dir='ltr'><strong>e</strong></span> <span class='ocrx_word' id='word_1_227' title='bbox 717 3817 855 3880; x_wconf 78' lang='lat' dir='ltr'><strong>progressi</strong></span> <span class='ocrx_word' id='word_1_228' title='bbox 874 3817 948 3866; x_wconf 83' lang='lat' dir='ltr'><strong>della</strong></span> <span class='ocrx_word' id='word_1_229' title='bbox 966 3829 1032 3866; x_wconf 83' lang='lat' dir='ltr'><strong>ensa</strong></span> <span class='ocrx_word' id='word_1_230' title='bbox 1044 3818 1204 3879; x_wconf 80' lang='lat' dir='ltr'><strong>ottomaoa,</strong></span> <span class='ocrx_word' id='word_1_231' title='bbox 1231 3825 1363 3880; x_wconf 84' lang='lat' dir='ltr'><strong>conposra</strong></span> 
     </span>
     <span class='ocr_line' id='line_1_32' title="bbox 327 3902 1362 3971; baseline 0.006 -19"><span class='ocrx_word' id='word_1_232' title='bbox 327 3902 482 3954; x_wconf 83' lang='lat' dir='ltr'><strong>daSatdino</strong></span> <span class='ocrx_word' id='word_1_233' title='bbox 500 3906 739 3970; x_wconf 68' lang='lat' dir='ltr'><strong>Turum-trudone</strong></span> <span class='ocrx_word' id='word_1_234' title='bbox 758 3910 792 3956; x_wconf 83' lang='lat' dir='ltr'><strong>da</strong></span> <span class='ocrx_word' id='word_1_235' title='bbox 812 3908 951 3958; x_wconf 81' lang='lat' dir='ltr'><strong>Vincenzo</strong></span> <span class='ocrx_word' id='word_1_236' title='bbox 963 3907 1224 3971; x_wconf 74' lang='lat' dir='ltr'><strong>Bratnttilinguseo,</strong></span> <span class='ocrx_word' id='word_1_237' title='bbox 1246 3903 1362 3960; x_wconf 80' lang='lat' dir='ltr'><strong>Vienna.</strong></span> 
     </span>
    </p>
   </div>
   <div class='ocr_carea' id='block_1_8' title="bbox 326 3992 1363 4340">
    <p class='ocr_par' dir='ltr' id='par_1_10' title="bbox 326 3992 1363 4340">
     <span class='ocr_line' id='line_1_33' title="bbox 328 3992 1363 4064; baseline 0.004 -20"><span class='ocrx_word' id='word_1_238' title='bbox 328 3992 453 4046; x_wconf 50' lang='lat' dir='ltr'>1649.ss</span> <span class='ocrx_word' id='word_1_239' title='bbox 471 3995 500 4044; x_wconf 81' lang='grc' dir='ltr'><strong>Τ.</strong></span> <span class='ocrx_word' id='word_1_240' title='bbox 522 3993 543 4048; x_wconf 86' lang='lat' dir='ltr'><strong>l.</strong></span> <span class='ocrx_word' id='word_1_241' title='bbox 563 4009 589 4058; x_wconf 85' lang='lat' dir='ltr'><strong>p.</strong></span> <span class='ocrx_word' id='word_1_242' title='bbox 608 3997 669 4050; x_wconf 73' lang='lat'><strong>192.</strong></span> <span class='ocrx_word' id='word_1_243' title='bbox 687 3993 1092 4064; x_wconf 78' lang='lat' dir='ltr'><strong>,‚1octtita&#39;nteno(tnouat‘</strong></span> <span class='ocrx_word' id='word_1_244' title='bbox 1111 3995 1127 4048; x_wconf 77' lang='lat' dir='ltr'><strong>e</strong></span> <span class='ocrx_word' id='word_1_245' title='bbox 1147 4001 1237 4060; x_wconf 84' lang='lat' dir='ltr'><strong>patria</strong></span> <span class='ocrx_word' id='word_1_246' title='bbox 1256 3999 1295 4048; x_wconf 86' lang='lat' dir='ltr'><strong>de’</strong></span> <span class='ocrx_word' id='word_1_247' title='bbox 1315 3999 1363 4048; x_wconf 87' lang='lat' dir='ltr'><strong>Fl-</strong></span> 
     </span>
     <span class='ocr_line' id='line_1_34' title="bbox 326 4084 1361 4155; baseline 0.005 -21"><span class='ocrx_word' id='word_1_248' title='bbox 326 4084 454 4144; x_wconf 86' lang='lat' dir='ltr'><strong>losoli).“</strong></span> <span class='ocrx_word' id='word_1_249' title='bbox 487 4088 526 4136; x_wconf 83' lang='lat' dir='ltr'><strong>ol.</strong></span> <span class='ocrx_word' id='word_1_250' title='bbox 551 4088 634 4137; x_wconf 75' lang='lat' dir='ltr'><strong>elusit.</strong></span> <span class='ocrx_word' id='word_1_251' title='bbox 663 4089 754 4150; x_wconf 84' lang='lat' dir='ltr'><strong>operis</strong></span> <span class='ocrx_word' id='word_1_252' title='bbox 778 4100 850 4138; x_wconf 82' lang='lat' dir='ltr'><strong>vers.</strong></span> <span class='ocrx_word' id='word_1_253' title='bbox 886 4089 1008 4153; x_wconf 79' lang='lat' dir='ltr'><strong>traneog.</strong></span> <span class='ocrx_word' id='word_1_254' title='bbox 1038 4103 1144 4138; x_wconf 77' lang='lat' dir='ltr'><strong>nissam.</strong></span> <span class='ocrx_word' id='word_1_255' title='bbox 1178 4087 1259 4149; x_wconf 79' lang='lat' dir='ltr'><strong>(Cori.</strong></span> <span class='ocrx_word' id='word_1_256' title='bbox 1291 4088 1361 4155; x_wconf 79' lang='lat' dir='ltr'><strong>lleg.</strong></span> 
     </span>
     <span class='ocr_line' id='line_1_35' title="bbox 326 4178 1362 4248; baseline 0.004 -18"><span class='ocrx_word' id='word_1_257' title='bbox 326 4179 485 4246; x_wconf 73' lang='lat'><strong>1⁰528².³):</strong></span> <span class='ocrx_word' id='word_1_258' title='bbox 504 4178 653 4245; x_wconf 61' lang='lat' dir='ltr'><strong>„Athenon</strong></span> <span class='ocrx_word' id='word_1_259' title='bbox 673 4184 702 4232; x_wconf 87' lang='lat' dir='ltr'><strong>la</strong></span> <span class='ocrx_word' id='word_1_260' title='bbox 720 4184 787 4234; x_wconf 85' lang='lat' dir='ltr'><strong>vtile</strong></span> <span class='ocrx_word' id='word_1_261' title='bbox 805 4185 851 4232; x_wconf 81' lang='lat' dir='ltr'><strong>des</strong></span> <span class='ocrx_word' id='word_1_262' title='bbox 869 4182 980 4248; x_wconf 78' lang='lat' dir='ltr'><strong>suges.“</strong></span> <span class='ocrx_word' id='word_1_263' title='bbox 999 4187 1046 4237; x_wconf 80' lang='lat' dir='ltr'><strong>tart</strong></span> <span class='ocrx_word' id='word_1_264' title='bbox 1069 4197 1094 4233; x_wconf 80' lang='lat' dir='ltr'><strong>a.</strong></span> <span class='ocrx_word' id='word_1_265' title='bbox 1115 4185 1201 4243; x_wconf 74' lang='lat'>1470)</span> <span class='ocrx_word' id='word_1_266' title='bbox 1222 4199 1265 4247; x_wconf 80' lang='lat' dir='ltr'><strong>ap.</strong></span> <span class='ocrx_word' id='word_1_267' title='bbox 1286 4183 1362 4235; x_wconf 85' lang='lat' dir='ltr'><strong>Dara</strong></span> 
     </span>
     <span class='ocr_line' id='line_1_36' title="bbox 329 4271 1127 4340; baseline 0.008 -18"><span class='ocrx_word' id='word_1_268' title='bbox 329 4271 439 4329; x_wconf 86' lang='lat' dir='ltr'><strong>histoire</strong></span> <span class='ocrx_word' id='word_1_269' title='bbox 457 4273 489 4331; x_wconf 85' lang='lat' dir='ltr'><strong>de</strong></span> <span class='ocrx_word' id='word_1_270' title='bbox 509 4275 618 4329; x_wconf 86' lang='lat' dir='ltr'><strong>Venise.</strong></span> <span class='ocrx_word' id='word_1_271' title='bbox 638 4277 722 4338; x_wconf 75' lang='lat' dir='ltr'><strong>Paris.</strong></span> <span class='ocrx_word' id='word_1_272' title='bbox 743 4277 823 4327; x_wconf 81' lang='lat' dir='ltr'><strong>ista.</strong></span> <span class='ocrx_word' id='word_1_273' title='bbox 843 4280 868 4326; x_wconf 81' lang='lat' dir='ltr'><strong>S.</strong></span> <span class='ocrx_word' id='word_1_274' title='bbox 888 4276 917 4330; x_wconf 78' lang='grc' dir='ltr'><strong>Τ.</strong></span> <span class='ocrx_word' id='word_1_275' title='bbox 938 4279 995 4328; x_wconf 89' lang='lat' dir='ltr'><strong>Vll.</strong></span> <span class='ocrx_word' id='word_1_276' title='bbox 1018 4293 1042 4340; x_wconf 89' lang='lat' dir='ltr'><strong>p.</strong></span> <span class='ocrx_word' id='word_1_277' title='bbox 1061 4279 1127 4329; x_wconf 71' lang='lat'><strong>205.</strong></span> 
     </span>
    </p>
   </div>
   <div class='ocr_carea' id='block_1_9' title="bbox 0 0 1488 5084">
    <p class='ocr_par' dir='ltr' id='par_1_11' title="bbox 0 0 1488 5084">
     <span class='ocr_line' id='line_1_37' title="bbox 0 0 1488 5084; baseline 0 1"><span class='ocrx_word' id='word_1_278' title='bbox 0 0 1488 5084; x_wconf 95' lang='lat' dir='ltr'><strong> </strong></span> 
     </span>
    </p>
   </div>
  </div>
 </body>
</html>
