2968 5084
77 689 313 752 Catalanorum
342 687 547 769 expeditione
567 690 634 767 illa3
657 707 787 771 qrraepe
802 689 961 752 lionoarla
984 690 1111 764 hausta,
1127 689 1188 754 etsi

75 813 193 873 parurn
222 804 374 858 accurate
394 794 512 874 seriptn
537 794 698 875 videntur,
720 804 825 856 tamen
847 813 1005 858 excusare
1026 799 1119 860 liceat
1129 797 1190 860 Ul·

77 877 299 976 tremauodnr,
338 903 391 983 qui
420 921 475 981 pro
508 902 637 966 lentium
672 905 700 964 ei
723 912 902 984 apertorum
933 906 1038 987 inopia
1068 914 1189 969 tanturn

80 1011 146 1075 lrae
169 1009 202 1072 in
221 1009 354 1072 lristoria
377 1009 556 1088 profecerit.

172 1135 234 1195 llis
259 1134 355 1214 igitur
377 1111 525 1211 ducibus,
540 1133 729 1215 Dneaogins
751 1132 916 1194 historiam
934 1147 1025 1196 suam
1049 1109 1187 1213 seripsit,

45 1275 48 1280 ·
81 1261 171 1324 quae
196 1250 284 1304 tanto
307 1245 456 1321 superior
477 1251 529 1308 est
545 1241 609 1304 illis
631 1241 790 1322 operibus,
807 1251 840 1301 ut
854 1241 923 1304 iure
942 1248 1061 1320 „pater
1080 1241 1189 1303 histo-

82 1353 153 1413 riae
171 1347 550 1431 Franco-Byzantinae“
575 1351 738 1412 habeatur.
761 1349 924 1411 Permulta
945 1348 1082 1433 quidem¹
1097 1347 1190 1410 desi-

80 1458 190 1524 derari
220 1457 388 1538 videntur,
419 1459 508 1542 plura
537 1459 672 1522 falsaret
701 1479 867 1542 perperam
893 1459 1008 1522 tradita
1029 1477 1106 1520 esse
1128 1479 1188 1521 oe-

83 1572 152 1649 gari
176 1587 238 1633 nun
261 1577 379 1649 potest,
403 1570 554 1650 imprimis
579 1590 659 1652 qnae
681 1569 1200 1656 adinsulaoGraeeaaspeetaot3¹
1261 1602 1266 1609 ·

86 1675 149 1740 sed
187 1677 389 1740 nihilominus
425 1677 615 1742 incredibilis
644 1654 715 1740 eius
753 1677 917 1760 diligentia
949 1677 1193 1739 admirationem

82 1795 230 1850 nostran
265 1789 379 1869 fugere
408 1800 478 1850 non·
499 1801 615 1870 potest.
659 1791 754 1867 Quod
777 1790 985 1870 Arehipelagi
1007 1788 1135 1870 qnidam
1157 1797 1189 1856 et

86 1906 206 1966 dnonrn
230 1905 316 1966 Naxi
333 1905 360 1979 ¹)
396 1903 621 1970 dominantium
645 1905 806 1966 historiam
828 1903 921 1965 nimis
944 1901 1138 1984 neglexerit,
1160 1904 1192 1964 ei

86 2011 319 2094 ignoscendum
342 2021 431 2094 puto,
455 2013 514 2074 etsi
538 2013 567 2073 in
585 2012 696 2075 Sanuti
712 2011 848 2072 Torselli
863 2011 1033 2089 „seeretis
1049 2007 1190 2071 fidelium

1 2167 2 2190 2
85 2117 224 2182 erneis“
250 2121 397 2182 nonnulla
419 2119 459 2182 ad
482 2138 540 2182 eos
563 2122 752 2201 pertinentia
773 2121 801 2182 ei
824 2118 963 2198 reperire
973 2117 1096 2181 lieelrat.
1120 2115 1192 2178 lle-

1 2249 2 2300 l
90 2228 172 2308 liqui
195 2228 270 2289 eninr
295 2229 347 2308 qni
371 2249 408 2290 ea
432 2228 471 2290 de
493 2215 528 2291 re
551 2229 657 2306 sontes
679 2235 822 2306 exstant,
855 2235 908 2286 ant
933 2225 1018 2290 libris
1041 2226 1192 2305 perraris,

1 2353 2 2360 ¹
90 2318 212 2396 seitteer
241 2333 440 2416 Genealogia
471 2335 611 2418 quadam
638 2337 763 2398 Dnenrn
799 2334 1003 2416 Archipelagi
1033 2343 1064 2395 et
1085 2331 1192 2394 domi·

1 2496 2 2518 p
76 2461 199 2506 norum
218 2444 302 2520 Pari,
324 2444 470 2507 Venatiis
490 2453 629 2506 exeunte
650 2444 780 2504 saeonlo
804 2441 904 2504 XVl⁰
919 2446 1087 2522 impressa,
1109 2455 1191 2503 eorr-

1 2579 2 2628 3
85 2548 239 2625 dueatur,
263 2558 317 2610 aut
337 2558 411 2611 aute
423 2548 581 2630 Dueangii
598 2544 724 2628 tempus
741 2547 825 2608 edita
845 2546 980 2608 nundum
997 2556 1099 2623 eraut,
1125 2567 1187 2610 ve-

1 2675 2 2691 *
87 2655 143 2714 lnti
188 2654 373 2717 Piaoenzae
406 2657 573 2738 Aegaeum
608 2657 786 2718 redivivnm
823 2663 855 2717 et
886 2655 1032 2736 Sangarii
1060 2655 1193 2718 historia
1242 2692 1245 2697 ·

1 2759 2 2848 ζ
89 2765 181 2825 Naxi
191 2768 232 2839 ⁹),
255 2775 362 2826 nostra
387 2774 495 2830 aetate
516 2767 678 2828 rarissima
700 2783 808 2846 opera.
839 2766 912 2843 lpse
934 2772 1038 2824 tamen
1062 2763 1194 2826 lluearr·

2 2943 3 2966 p
89 2876 163 2955 gius
188 2879 272 2954 opus
302 2893 394 2936 sunm
425 2895 485 2938 non
513 2876 659 2937 omnibus
682 2876 723 2934 err
746 2873 887 2954 partibus
910 2873 1091 2936 absolutum
1113 2890 1192 2936 esse

85 2981 272 3062 ‘intellexit3
288 2993 488 3063 ,quapropter
509 2984 642 3046 alterins
663 2984 811 3046 editionis
827 2984 987 3066 parandae
1009 2986 1092 3064 eepit
1113 3001 1196 3046 eou-

91 3091 204 3154 s'rlinru.
227 3090 436 3166 Quumvero
459 3109 546 3152 mors
568 3093 732 3170 repentina
752 3111 863 3153 senem
887 3111 991 3172 paene
1011 3069 1215 3172 octogena·¹

2 3226 3 3229 ¹
92 3200 172 3260 rium
204 3196 405 3273 abstulisset,
439 3202 691 3277 runnusoriptnrn
723 3199 813 3260 latuit
836 3215 935 3278 opus,
958 3197 1063 3258 donee
1084 3205 1195 3260 nestro

92 3325 194 3381 aevo,
221 3315 359 3367 onrante
381 3307 403 3365 l.
429 3307 468 3390 A.
492 3306 654 3367 llnelronio
686 3306 726 3367 V.
748 3305 814 3381 CL,
834 3294 875 3366 'in
899 3306 1000 3366 lucem
1024 3303 1139 3386 prodiit
1156 3299 1195 3378 ὃ).

3 3489 4 3492 ¹
96 3415 192 3476 l’rlna
220 3412 313 3474 lunius
342 3413 490 3476 editionis
525 3413 678 3475 volumen
704 3430 765 3475 sex
798 3412 885 3474 libris
918 3431 970 3479 res
996 3411 1192 3475 llraneorurn

4 3681 5 3690 ἵ
114 3707 145 3764 t)
164 3705 203 3758 ef.
221 3702 328 3759 Naxos.
364 3704 412 3758 llio
433 3705 555 3768 νοτιτιις
573 3715 627 3752 von
646 3701 678 3754 E.
696 3701 815 3756 curtius.
850 3700 948 3754 sertin
972 3699 1052 3754 1849.
1069 3699 1096 3748 θ.
1116 3711 1142 3760 p.
1160 3698 1196 3752 99

163 3804 192 3848 el
209 3800 282 3848 lloss
302 3797 466 3848 luselreiseu
485 3796 515 3848 Τ.
535 3796 556 3848 l.
575 3812 599 3860 p.
617 3797 655 3848 27
672 3810 728 3860 seq.

4 3867 6 3934 ἶ
109 3894 142 3974 9)
161 3893 294 3945 Planenza
318 3873 413 3958 l'dgeo
433 3895 560 3945 redivivo
579 3895 646 3944 e'sia
663 3892 859 3956 chorogrnplia
878 3894 941 3942 dell
962 3893 1126 3960 Areipelago
1144 3897 1196 3948 eto.

161 3984 287 4036 Modera.
308 3986 388 4037 lose.
407 3987 435 4038 4.
452 3985 591 4052 (sanger)
609 3986 727 4037 lllstolre
746 3985 874 4038 nouvelle
892 3987 939 4036 des
957 3987 1071 4036 auulsas
1085 3990 1151 4037 duca
1169 3992 1197 4039 et

162 4080 258 4128 autres
275 4065 438 4126 souveralus
456 4081 488 4128 de
505 4076 650 4139 l’Aralrlpel
669 4082 717 4127 ete
754 4075 838 4130 Paris.
861 4077 941 4146 1998.
957 4079 1006 4128 ta.
1029 4078 1108 4128 1999.
1127 4079 1172 4130 ta.

113 4169 150 4234 9)
168 4168 284 4222 Bnelron
299 4169 452 4227 collection
469 4171 517 4218 des
534 4169 694 4231 clronleues
713 4166 866 4219 rationales¹
883 4169 1044 4236 franpaises.
1071 4167 1101 4220 ’1.
1120 4168 1140 4221 1.
1159 4168 1195 4226 11.

167 4260 296 4322 Dueaoge
316 4259 423 4308 histoire
442 4261 475 4308 do
493 4259 612 4323 l'eprpire
630 4262 662 4307 de
681 4259 917 4321 Constantinnple.
942 4261 1027 4310 Paris.
1048 4237 1127 4311 1929.
1144 4261 1173 4318 Θ.
