2970 5078
488 519 753 581 ---rs-

1 685 2 700 ἶ
93 723 244 787 papae
268 705 321 766 lli.
359 701 624 782 epistoleett,
657 706 824 764 maximam
848 709 1010 782 parturna
1040 701 1204 781 Stephano

95 814 237 878 Baiuzio
281 811 399 890 editae,
429 845 470 858 -·
510 817 603 874 cuius
648 811 800 872 editionis
845 809 1101 889 supplementum
1153 813 1206 867 est

97 919 249 982 collectio
270 919 322 979 illu
344 919 583 998 aBrequiguyo
595 908 626 978 et
651 917 680 992 ia
704 919 801 978 Purte
823 915 863 978 du
886 915 975 976 'lheil
998 916 1131 996 vulgata
1150 945 1205 992 -—,

100 1028 221 1088 summi
243 1035 318 1086 sunt
341 1029 490 1087 momenti
513 1043 608 1104 quum
631 1023 671 1084 ad
701 1024 839 1106 reliquae
869 1020 1039 1102 Graeciae,
1071 1030 1136 1082 turn
1164 1019 1205 1081 ad

1 1113 2 1128 ³
100 1134 310 1212 Athenarum
326 1133 408 1195 haec
430 1130 795 1218 tempora-illustrqudu.
841 1128 935 1206 Quae
963 1129 1072 1209 quanti
1101 1129 1205 1190 aesti-

106 1243 247 1304 mandae
268 1243 331 1302 sint
354 1239 703 1321 epistolaetiisserere
731 1241 860 1320 longum
891 1249 952 1315 est,
982 1257 1076 1319 quum
1112 1257 1205 1307 nemu

103 1351 160 1428 ait,
185 1350 237 1430 qui
259 1347 299 1425 de
322 1357 429 1410 earum
451 1362 576 1410 summa
604 1349 795 1408 auctoritaie
823 1355 856 1408 et
885 1349 1051 1428 gravitate
1074 1347 1206 1412 dubitet.

1 1522 2 1556 3
105 1459 237 1536 Quibus
257 1458 459 1544 innocentius
482 1459 536 1518 lll.
559 1477 618 1519 uon
641 1458 743 1518 solum
768 1457 963 1518 Athenarum
987 1477 1039 1519 ras
1068 1461 1205 1522 ecclesi·

105 1570 232 1630 anticas
250 1566 540 1644 illustravit,cuius
565 1566 649 1626 urhis
672 1570 772 1645 primo
794 1567 1034 1648 archiepiscopo
1059 1569 1204 1630 Franco-

1 1717 2 1726 *
105 1675 237 1756 gallico,
261 1672 414 1753 Berarrlo,
437 1673 570 1752 piurima
594 1673 675 1734 hona
697 1674 725 1734 iu
744 1672 882 1736 Graecia
905 1675 968 1736 sita
989 1675 1205 1757 concessor),

106 1780 290 1860 sedetiam,
313 1781 415 1862 qualis
433 1781 527 1843 luerit
547 1777 652 1846 status.
673 1782 758 1842 urhis
778 1791 934 1863 regnante
949 1781 1079 1859 ottone,
1103 1799 1203 1864 quac·

106 1909 170 1970 que
193 1889 220 1950 ei
242 1907 313 1951 cum
328 1889 412 1948 clero
435 1888 550 1950 luerint
573 1889 756 1962 certamina,
779 1895 896 1970 optime
917 1891 1083 1971 exposuit3
1112 1911 1205 1972 porro

108 1999 138 2059 si
159 1998 520 2078 quisllavenuiceuses
542 1999 612 2059 illas
632 2000 862 2060 conventiones
883 2001 1206 2080 quaerit,luuocen-

10 2124 15 2139 ¹
109 2107 145 2168 tii
163 2106 314 2187 epistolas
335 2107 491 2186 inspiciet.
505 2105 710 2184 Reliquorum
726 2125 892 2186 paparum,
914 2116 1068 2187 quotquot
1080 2109 1111 2168 'ei
1126 2115 1205 2170 suc·

1 2238 2 2260 t
110 2222 290 2282 cesserunt,
313 2213 468 2292 epistulas
491 2214 520 2272 in
536 2211 679 2274 archivio
702 2213 853 2274 Vaticani
874 2207 1012 2283 secreto,
1038 2219 1207 2278 maximam

111 2328 237 2400 partem
247 2317 396 2398 ineditas,
413 2319 512 2388 latere
528 2315 671 2390 dolemus
678 2335 686 2396 3
708 2336 789 2399 quas
812 2336 908 2399 quum
927 2321 1020 2400 ipsas
1052 2321 1207 2402 inspicere

1 2463 2 2488 r
108 2427 201 2490 nobis
229 2417 289 2489 uon
320 2420 457 2506 licuerit,
489 2427 527 2486 iis
549 2425 668 2486 chartis
698 2427 840 2487 contenti
875 2428 1009 2506 erimus,
1033 2449 1131 2512 Aquas,
1167 2429 1207 2492 ad

1 2528 2 2612 ,
112 2535 259 2600 Athones
281 2535 488 2619 spectantes,
512 2535 542 2594 in
562 2534 660 2594 variis
679 2553 781 2600 rerum
795 2534 1088 2600 ecclesiasticarum
1123 2542 1209 2610 scri-

113 2643 255 2724 ptoribus
278 2622 466 2722 reperimus,
490 2643 601 2720 ltaque
623 2651 654 2702 et
676 2641 795 2722 Rayu
807 2661 825 2702 a
837 2642 927 2719 luit)
952 2656 983 2704 et
1007 2645 1206 2722 Bzoviii),

112 2767 207 2829 quem
231 2760 337 2812 tamen
361 2749 403 2821 illi
427 2747 680 2828 posthabendum
706 2760 794 2828 puto,
818 2751 983 2828 opuscula,
1013 2769 1117 2832 neque
1146 2753 1208 2813 mi-

1 2855 2 2936 ]
110 2875 171 2918 nus
205 2855 346 2916 ordinum
371 2855 662 2929 ecclesiasticorum
686 2857 816 2926 unuales
825 2898 835 2934 ,
858 2861 954 2928 sicuti
976 2858 1159 2921 Waddin
1168 2847 1217 2942 gi

1 2950 2 3022 J
107 2967 240 3028 annales
273 2964 741 3044 Minorurussiygravissimuffi
775 2965 933 3044 inspicere
960 2965 1126 3048 debemus,
1160 2988 1211 3032 ,ex

129 3231 158 3290 l)
176 3229 359 3294 Epistularum
386 3205 534 3282 innocentii
554 3231 602 3281 lli.
631 3233 691 3282 litui
709 3233 758 3284 Xl.
784 3235 825 3281 ed.
851 3235 891 3281 St.
920 3209 1057 3281 catonus.
1089 3231 1208 3284 Parisiis.
1254 3249 1259 3254 .

179 3324 261 3374 1682.
279 3325 297 3372 2
316 3323 389 3386 Voll.
408 3325 457 3374 fol.
477 3351 511 3362 —-
536 3325 701 3387 Diplomata,
719 3325 837 3387 chartae,
856 3325 989 3385 epistotae
1006 3329 1038 3373 et·
1051 3325 1108 3374 alia
1126 3328 1211 3376 doou-

178 3407 266 3468 me'utu
284 3419 323 3466 au
337 3431 381 3466 res
398 3417 545 3466 Francicus
562 3419 713 3477 spectantia
731 3417 790 3466 edd.
809 3415 837 3465 h.
856 3414 886 3465 G.
907 3418 938 3467 0.
957 3416 1072 3466 Feurlrlx
1091 3419 1122 3466 de
1140 3412 1210 3468 liro·

177 3510 281 3574 quigny
299 3517 326 3560 et
345 3511 374 3558 [t.
394 3511 415 3558 i.
435 3507 464 3558 G.
484 3510 512 3560 lu
530 3511 610 3558 Purte
628 3511 662 3558 riu
682 3508 767 3558 Thali,
786 3509 813 3557 P.
834 3506 868 3557 11.
888 3509 1108 3579 Parisiisslwl,
1128 3509 1178 3558 fol.
1233 3553 1237 3559 ,

130 3597 165 3664 2)
182 3599 229 3648 llh.
248 3600 296 3670 Xl.
314 3613 354 3660 ep.
373 3599 437 3646 256.
455 3601 524 3662 apud
543 3599 635 3648 Belua.
1181 3603 1183 3606 '

82 3739 86 3748 ,
128 3691 162 3756 3)
180 3694 215 3742 ut.
235 3691 336 3740 Beluae
354 3690 419 3740 Vol.
436 3692 468 3738 ll.
481 3689 684 3752 'pullu-837.
750 3741 752 3746 ,

126 3779 287 3850 4J'0derici
305 3783 442 3844 Ruynaldi
462 3783 587 3844 Annales
601 3783 788 3834 ecclesiastici.
816 3781 926 3832 Rornae.
956 3780 1156 3830 totu-1677.
1178 3781 1214 3831 10

178 3875 261 3926 Vull:
272 3874 321 3934 fol
343 3874 370 3937 (l
378 3875 580 3938 198-1566)..

128 3967 158 4021 ὅ)
181 3967 247 4015 Aur.
266 3964 364 4014 Bnovii
380 3965 501 4015 Annales
518 3965 708 4026 ecclesiastici„
739 3967 849 4016 Romae.
880 3965 949 4014 toto
968 3953 1008 4030 sq.
1034 3965 1144 4016 avon.
1164 3968 1216 4018 fol.

182 4061 407 4122 (tras-taur).
599 4109 603 4112 ,
1274 4045 1277 4052 ’

127 4157 156 4216 6)
178 4152 204 4202 h.
223 4151 400 4220 Wurtoingus
419 4151 540 4200 Annales
566 4149 708 4199 lriluururn.
737 4147 867 4214 Lugduni.
895 4153 924 4200 Τ.
944 4126 1075 4198 lli-Vi.
1105 4148 1218 4198 16³6*

185 4245 265 4298 tota.
286 4246 334 4295 lul.
369 4265 373 4272 Δ
665 4259 670 4264 ·
