2970 5078
746 470 954 560 470..

294 696 423 760 quornm
447 678 534 742 libris
556 676 639 742 hand
662 696 763 759 pauca
787 680 860 742 lieet
884 679 1019 755 linuriro.
1065 683 1169 744 liliam
1200 679 1397 742 Orientis

295 786 536 870 christioni
554 788 596 866 ¹),
617 805 708 866 qoem
731 787 870 854 Michael
894 787 941 850 Le
963 787 1066 862 Ouien
1083 787 1236 854 anlo'hos
1263 796 1396 852 centum

294 912 396 958 annos
416 894 533 978 edidit,
567 896 728 960 volumine
754 898 848 958 tertio
879 897 975 958 multa
1004 896 1044 958 de
1083 893 1397 976 archiepiscoporum

290 1005 533 1068 Atheniensium
557 1005 688 1068 historia
711 1007 926 1084 continentur,
948 1022 1149 1087 magnacum
1167 1003 1332 1086 diligentia
1350 1021 1395 1068 ex

292 1115 435 1176 fontibus
456 1113 567 1176 hodie
596 1133 744 1196 magnam
780 1123 901 1193 partem
934 1113 1103 1186 rarissimis
1140 1114 1267 1192 petila;
1307 1130 1395 1192 quaa

293 1225 356 1289 etsi
376 1223 573 1286 multifariam
597 1223 757 1286 emendari
776 1231 921 1304 possunt,
943 1231 1048 1285 temen
1065 1225 1190 1284 omnino
1209 1220 1396 1300 spernenda

292 1352 352 1410 non
382 1320 466 1394 suin.
517 1330 578 1408 Qui
609 1330 714 1392 sorites
745 1329 992 1410 etiamreliqnis
1012 1327 1208 1391 Athenarum
1233 1329 1396 1399 aetatibus

291 1445 421 1506 mullum
442 1441 523 1504 locis
545 1439 695 1518 afferunt,
717 1449 750 1502 et
766 1422 992 1502 Catelanornm
1014 1440 1167 1520 imprimis
1188 1457 1251 1511 res,
1275 1442 1395 1519 quihus

1348 604 1354 622 ι
1464 575 1465 634 i

291 1553 322 1613 in
354 1550 570 1613 descrihendis
604 1551 750 1612 omnibns
779 1552 846 1614 lere
877 1553 1018 1614 lontibus
1048 1570 1206 1634 caremus,
1240 1555 1279 1615 iis
1316 1556 1395 1616 illn-
1466 1603 1467 1646 3

292 1659 384 1722 strari
406 1678 498 1722 nemo
521 1659 654 1738 ignorat.
1273 1749 1275 1752 Ι

372 1765 529 1830 Gnidonis
554 1768 576 1827 l.
606 1767 698 1834 ducis
729 1769 790 1830 dno
820 1781 949 1834 exstant
978 1775 1193 1856 diplomew)
1232 1778 1393 1858 impressa

292 1877 496 1956 saepissime,
517 1878 633 1958 quibus
652 1878 693 1940 rle
705 1864 839 1958 pecnnia
853 1883 893 1943 ab
912 1884 1050 1964 Hngono
1065 1884 1294 1968 Burgundiones
1306 1905 1394 1951 anim

293 1982 374 2046 1259
395 1986 422 2046 ei
445 1986 618 2048 commisse
639 1988 756 2066 agitur.
795 1989 967 2050 Praeterea
991 1993 1020 2051 in
1045 1987 1177 2055 archivli
1191 1993 1309 2054 Veneti
1325 2013 1393 2055 vo·

291 2091 408 2155 lumine
430 2091 493 2169 illo,
517 2090 599 2172 quod
622 2094 804 2154 inscribitur
828 2097 948 2158 ol’aota
972 2097 1140 2162 saraitae
1156 2100 1220 2178 1)ιι,
1249 2103 1390 2180 permnl-

289 2205 342 2260 taa
365 2198 471 2260 insunt
493 2196 622 2260 chartae
643 2197 756 2260 dunum
780 2201 988 2280 Venetorum,
1011 2205 1040 2264 in
1060 2206 1173 2286 qrrihns
1196 2217 1228 2268 et
1246 2208 1391 2287 reliquo·
1467 2197 1468 2202 ¹

290 2326 356 2370 rum
379 2304 540 2368 Graeciae
566 2325 743 2398 procerum·
762 2320 794 2372 ct
817 2307 975 2372 Gnidonis
999 2315 1095 2375 nostri
1120 2314 1293 2394 fratrisque
1321 2319 1392 2381 eius

291 2413 442 2478 Guilelmi
477 2415 668 2474 mentionem
702 2415 768 2475 lieri
803 2417 958 2479 violemus.
1012 2421 1139 2481 loannis
1176 2441 1268 2502 porro
1295 2423 1391 2487 ducis

237 2507 588 2601 scharlaqneednm,
613 2539 675 2601 qna
697 2538 809 2600 pacem
833 2541 903 2585 crim
926 2522 1154 2589 tlennaonnns
1178 2511 1390 2610 compositam
1468 2538 1469 2592 i

289 2628 507 2706 confirmet⁴)‚
533 2629 562 2688 in
585 2628 724 2688 archivio
756 2626 920 2691 Gennenoi
951 2643 1072 2717 exstet,
1101 2653 1184 2716 quae
1212 2643 1275 2700 etsi
1304 2640 1393 2708 edila
1468 2623 1469 2626 Ἴ

289 2738 424 2800 nondum
446 2747 505 2812 ost,
530 2748 634 2798 tamen
666 2757 685 2798 e
709 2737 815 2800 Caroli
849 2741 971 2821 Pagani
1001 2743 1090 2818 libro,
1111 2761 1195 2824 queo
1220 2763 1259 2807 ca
1281 2749 1391 2810 corati-

292 2856 438 2925 neantnr‚
462 2847 710 2926 optimepotest
729 2853 895 2930 cognosci.

372 2953 532 3018 Guilelmi·
556 2954 647 3014 ‹lnois
683 2957 743 3016 atsi
778 2958 861 3018 nulla
890 2960 1000 3022 ohrrta
1028 2970 1192 3041 superest,
1219 2963 1389 3045 permultis

290 3061 488 3158 documentis
521 3071 553 3120 et
583 3059 740 3124 Gnidonis
781 3065 820 3125 11.
858 3073 890 3124 et
922 3067 1069 3146 lingonis
1104 3070 1306 3155 Brennensis,
1330 3071 1389 3149 qui

289 3174 358 3236 cius
393 3174 520 3234 tutelam
558 3173 675 3254 gessit,
716 3191 768 3234 res
791 3173 994 3240 illustrentur.
1038 3178 1163 3262 Etenim
1208 3183 1239 3240 in
1281 3179 1393 3243 archi-

292 3285 345 3346 vio
376 3281 428 3342 illo
466 3282 572 3360 palatii
603 3280 761 3360 capuani,
791 3280 874 3362 quod
903 3282 1039 3362 Neapoli
1080 3292 1142 3358 est,
1173 3286 1302 3364 plurima
1325 3305 1394 3346 ex-

287 3413 374 3464 stant
403 3418 514 3480 regum
539 3396 819 3476 Neapolitanorum
853 3394 1035 3476 diplomata,
1061 3412 1081 3454 a
1112 3395 1272 3456 Buchonin
1306 3413 1391 3474 epo-

288 3509 368 3572 chae
390 3504 550 3568 secundae
572 3505 730 3564 volumine
752 3505 852 3563 allero
874 3503 971 3582 adita,
1002 3521 1084 3584 qnae
1114 3502 1154 3565 ud
1185 3503 1305 3564 illorum
1335 3521 1391 3565 res

288 3623 450 3698 spectant.
465 3612 592 3700 plllnllas
615 3631 707 3691 porro
732 3611 859 3672 charles
884 3615 912 3674 in
937 3612 1080 3676 archivio
1104 3615 1275 3693 Montensi,
1297 3613 1391 3675 cuins

288 3791 290 3798 ⁴
298 3789 554 3810 mun—m

306 3899 336 3965 1)
355 3891 450 3950 Orlens
463 3901 640 3966 Christianus,
652 3915 719 3966 opus
731 3911 883 3966 postumum
893 3901 1031 3953 Michaelis
1043 3901 1076 3950 he
1086 3897 1184 3964 Quian.
1203 3895 1286 3947 Paris.
1305 3895 1390 3946 tato.

354 3991 371 4037 8
390 3989 465 4037 Voll.
484 3989 532 4044 tol,
550 3991 586 4040 cl.
607 3989 637 4040 Τ.
656 3989 703 4042 lll.
723 4007 747 4054 p.
760 3993 816 4041 838
833 4006 873 4053 sq.

303 4082 336 4148 2)
354 4082 391 4132 oi.
410 4083 596 4144 Dircange.'1'.
616 4081 636 4131 l.
655 4085 696 4134 oh.
719 4085 761 4133 17,
783 4084 826 4132 ts.

306 4174 338 4237 u)
356 4175 385 4224 cl
409 4173 487 4224 lerc
505 4172 536 4224 de
555 4175 583 4224 ln
600 4174 704 4238 'Gonqn
724 4191 749 4239 p.
770 4176 823 4225 l03
843 4183 869 4224 et
892 4175 951 4226 rot.
972 4180 1030 4224 nott

305 4266 337 4324 1)
358 4264 389 4317 G.
406 4265 518 4344 l'agapo
537 4263 609 4316 delle
628 4267 742 4328 imprese
761 4272 814 4316 etc.
833 4265 905 4315 libro
925 4267 957 4316 ll.
976 4266 1134 4330 psat-ss.
1213 4261 1215 4268 ’
