2968 5084
755 523 961 610 -ar-
1040 544 1042 553 =

302 706 367 770 neri
389 706 447 768 isti
480 707 736 772 adnumerandus
758 715 830 768 est
870 705 1028 769 Henrioos
1052 719 1179 784 nostor3
1207 705 1270 768 sed
1297 707 1408 768 Viiie·
1439 709 1441 712 ’

301 813 488 878 harduinum
510 817 654 880 imitatus
677 833 753 878 esse
774 815 910 892 videtur,
939 816 990 876 oni
1012 815 1193 898 neutiquam
1217 833 1287 885 aum
1312 825 1409 896 post-

300 921 480 988 habendum
503 943 579 986 asse
603 919 804 988 manifestum
827 933 886 986 est.
928 926 1010 988 Sunt
1031 943 1121 1006 vero,
1154 925 1204 1004 qni
1226 923 1412 1008 dubitarint,

266 1025 269 1030 ’
300 1036 402 1090 utrum
426 1029 478 1091 irie
498 1029 627 1108 Hearioi
646 1029 809 1092 iiber-dide
830 1029 947 1112 dignus
968 1031 1020 1104 sit,
1035 1049 1074 1091 an
1098 1022 1193 1100 muita
1217 1031 1268 1090 vei
1293 1031 1405 1109 piera-

301 1151 371 1216 que.
384 1135 462 1206 hieto
482 1145 516 1198 et
534 1137 680 1199 fabulosa
703 1154 741 1198 eo
764 1138 990 1212 eorrtirreaotur,
1015 1155 1110 1218 quum
1132 1137 1246 1198 eximia
1266 1135 1406 1220 quadam

300 1253 334 1307 et
354 1242 528 1304 admirabili
549 1243 717 1325 diligentia·
737 1254 837 1322 usus,
867 1245 1054 1307 tre-minima
1085 1241 1208 1326 quidem
1221 1288 1233 1324 „
1258 1254 1343 1323 quae
1375 1244 1405 1304 ei

302 1349 437 1410 alieuius
463 1351 725 1442 'momentiesse
753 1349 940 1430 videantur,
970 1352 1113 1414 reticeat.
1128 1343 1134 1350 ³
1156 1353 1268 1430 itaque
1293 1351 1408 1416 'librum

295 1461 370 1540 'eius
393 1477 454 1521 non
475 1452 529 1522 'ad
558 1460 711 1522 historiae
747 1459 841 1522 iidem
880 1463 1033 1542 seriptum
1057 1440 1215 1540 potarunt,
1240 1458 1301 1548 sed
1330 1478 1404 1520 nra-

299 1571 351 1652 gis
372 1569 412 1634 ad
436 1571 644 1636 oblectandos
665 1591 732 1652 eoa,
756 1577 808 1654 qui
830 1591 899 1633 eurn
913 1573 1123 1653 perlegerent·
1169 1569 1310 1646 Quorum
1327 1570 1401 1650 opi·

299 1677 351 1738 nio
377 1678 501 1740 omuino
522 1677 603 1739 feisa
616 1678 689 1739 mihi
708 1679 832 1759 quidem
844 1678 969 1740 videtur
984 1696 1079 1760 esse,
1100 1681 1218 1740 etenim
1233 1677 1260 1746 si
1273 1695 1401 1758 aequa-

298 1786 359 1848 iem
388 1803 491 1848 rerum
524 1797 735 1849 enarraturum
758 1795 970 1868 spectatorem
1009 1799 1081 1850 eum
1098 1785 1212 1870 'iuisse
1242 1785 1404 1848 statueri-

297 1877 378 1968 mus,
402 1872 535 1976 eiusque
558 1895 720 1958 historiam
741 1915 812 1958 enm
841 1899 970 1978 reliquis
995 1885 1165 1959 earundem
1186 1893 1293 1955 rerum
1318 1895 1404 1958 sori·
1466 1899 1467 1982 i

299 2006 444 2092 ptoribus
466 2005 701 2085 contulerimus,
731 1995 766 2096 ut‘
786 2022 857 2067 oum
882 2007 1067 2086 Aoropoiita
1088 2012 1121 2065 et
1143 1983 1319 2064 innocentii
1334 1991 1403 2080 tu.

300 2120 464 2202 epistolis,
499 2116 594 2192 nirpia
615 2115 684 2176 iere
706 2113 961 2198 eius-diligentia
983 2123 1014 2174 et
1036 2116 1130 2194 eopia
1160 2115 1221 2173 uon
1246 2112 1401 2179 movebi-

188 2306 191 2310 .
299 2250 380 2312 mur,
402 2240 434 2292 ut
456 2229 496 2290 da
523 2225 587 2288 fide
606 2225 689 2287 -eius
721 2224 911 2287 dubitemus.
965 2222 1109 2300 Scripsit
1133 2228 1239 2281 autern
1270 2219 1402 2280 Henrici

297 2337 500 2418 imperatoris
521 2349 574 2392 res
595 2331 634 2390 ab
657 2349 685 2390 a.
710 2329 794 2391 1207
807 2329 847 2389 ad
871 2347 911 2392 a.-
926 2328 1006 2388 1210
1026 2339 1058 2388 et
1078 2344 1203 2386 summa
1222 2333 1294 2388 euru
1318 2325 1401 2386 sub·

295 2445 409 2505 tilitate
431 2459 483 2502 res
505 2439 578 2499 iilos
597 2437 757 2519 exposuit,
777 2453 859 2516 quae
889 2441 962 2515 post
991 2429 1149 2525 uonitoou
1169 2433 1400 2494 montisferra-

295 2550 395 2614 tensis
411 2554 643 2630 praematurum
659 2543 776 2605 obitum
789 2545 819 2602 irr
836 2543 1017 2622 perturbato
1027 2523 1277 2602 'ihessaioniuaa
1293 2559 1398 2622 regno

295 2660 489 2724 aediderunt.
534 2655 638 2734 Quum
660 2653 740 2715 euim
763 2635 935 2737 sueoessur
956 2634 1037 2731 eius,
1065 2649 1260 2736 Demetrius,
1295 2649 1401 2714 minor

294 2765 370 2828 natu
393 2763 487 2838 fliius,
510 2755 638 2823 Graeoa
668 2752 769 2816 metro
790 2745 987 2836 progenitura,
1008 2751 1110 2818 infans
1130 2757 1230 2841 esset,
1252 2747 1399 2810 obertus

296 2873 440 2936 Crassus
460 2866 651 2952 Biandratae
679 2881 787 2926 eomes
816 2862 874 2936 (de
893 2857 1109 2937 Biarrdrate),
1137 2859 1228 2938 regni
1256 2857 1401 2917 vinarius

297 2982 370 3044 sive
400 2979 581 3054 abaiuiuso,
604 2979 715 3036 eontra
737 2974 955 3052 imperatorem
975 2966 1163 3028 seditionem
1190 2967 1302 3044 movit,
1324 2983 1400 3044 qua,

298 3091 486 3156 coniunctus
520 3103 592 3150 eum
622 3081 740 3145 italicis
776 3079 932 3141 nonnuliis
972 3075 1163 3160 Thessaliae
1198 3074 1400 3155 proceribus,

299 3177 431 3279 regnum
454 3192 706 3268 Thessalonicae
720 3185 880 3250 Guileimo
904 3183 1087 3264 marchioni,
1111 3183 1225 3244 maiori
1244 3181 1402 3247 Demetrii

293 3304 401 3383 «fratri,
424 3302 616 3363 ooneiliaret.
668 3299 712 3360 Aa
743 3297 812 3376 ipse
834 3307 866 3356 et
895 3291 1061 3374 sooii,ab,
1092 3290 1232 3352 Herrrieo
1263 3287 1401 3374 devicti,
1466 3353 1467 3382 ,

297 3414 486 3477 destiterunt
508 3409 548 3470 de
570 3409 695 3487 irreepta
710 3390 886 3486 proditione
909 3403 986 3465 etin
1011 3403 1167 3494 eorreione
1189 3401 1239 3462 iiia
1259 3400 1400 3463 Raven-

295 3523 417 3586 nicensi
438 3521 469 3581 in
483 3517 687 3580 deditionem
711 3524 786 3577 sunt
807 3517 934 3596 recepti.
980 3515 1043 3594 Qui
1065 3535 1161 3598 quum
1183 3515 1291 3576 rnuitis
1317 3515 1401 3578 iocis

295 3629 489 3708 Thebarum,
513 3644 595 3707 quae
625 3625 700 3686 urbs
731 3623 848 3702 0ttorri,
881 3625 1082 3688 Athenarum·
1102 3625 1241 3708 domino,
1264 3627 1399 3690 subdita
1466 3609 1467 3686 i

295 3717 569 3817 anahonr'b‘ardiso
602 3735 671 3796 istis
703 3733 964 3815 oppugnabatur,
1007 3732 1395 3812 mentionemfaeiat1),

291 3857 367 3927 post
395 3821 667 3906 Viileharduirrum
699 3841 845 3922 princeps
879 3839 1030 3902 historiae
1057 3841 1151 3912 huius
1182 3841 1396 3905 Atheniensis

292 3955 367 4018 tons
397 3958 448 4014 est
477 3947 715 4012 existimandus.
742 3945 867 4008 'Cuius
903 3949 1157 4028 commentarios,
1189 3967 1208 4009 a
1237 3946 1400 4023 Briaiio²)
1466 3969 1467 4048 p

299 4069 631 4088 ,........-.-.--

310 4131 340 4193 ι)
358 4131 377 4186 ι.
396 4129 414 4178 r.
434 4129 476 4178 eo.
496 4128 528 4174 rr.
548 4095 631 4174 noer.¹
646 4121 794 4172 eoo-ane
811 4126 837 4170 et
855 4120 1009 4172 aur-aaa
1093 4118 1094 4124 ¹

308 4223 340 4287 2)
359 4221 488 4284 scriptor.
515 4231 567 4268 rer.
585 4215 710 4280 iranuug.
727 4215 765 4269 Τ..
779 4215 875 4264 XVttt.
894 4229 919 4278 p.
937 4215 993 4264 492
1007 4215 1110 4266 -514,
1147 4216 1184 4266 oi.
1206 4213 1329 4266 Bochonii
1349 4218 1397 4272 ed.

326 4319 329 4327 “
352 4328 392 4380 pr.
413 4310 517 4361 Viiieb.
536 4321 562 4369 p.
580 4306 636 4356 hbe
653 4319 692 4368 sq.
712 4307 752 4354 ed.
772 4303 822 4358 ah,
841 4304 925 4356 Paris.
950 4303 1028 4359 1840.
1048 4307 1073 4354 θ.
