2968 5084
109 707 279 807 exstincto,
317 697 464 788 [segerus
500 705 747 768 Dlntevilliauus
782 705 961 769 hereditate
997 703 1080 765 buna
1115 699 1185 816 eins

50 814 218 894 accepit.

51 928 55 973 i
157 921 372 986 -Godolredus
410 920 667 985 Villelrarduinus
697 877 782 982 urbis
810 929 925 1023 captae
955 920 1120 983 historiam
1152 927 1186 980 et

50 1062 51 1071 κ
109 1049 150 1094 ras
162 1030 384 1110 imperatorum
407 1029 600 1094 Balduinil.
628 1037 660 1091 et
683 1029 812 1090 Henriei
843 1029 986 1109 scripsit3
1016 1043 1111 1109 quum
1132 1034 1185 1088 ta·

107 1160 164 1202 nen
187 1159 268 1202 anon
297 1130 379 1202 1207
400 1138 547 1219 desierit,
577 1146 724 1202 enarratu
754 1139 836 1199 bello
862 1139 1030 1220 bulgarico
1050 1147 1094 1201 ¹et
1116 1138 1179 1200 llo·

102 1247 210 1326 nilaoii,
238 1233 682 1328 Thessalonicensis-ragis,
713 1245 797 1324 leto,
828 1247 950 1308 nonnisi
980 1246 1064 1308 initia
1088 1245 1181 1307 Hert-¹

102 1355 143 1416 m
162 1354 274 1435 prodit.
331 1353 560 1417 virtututum
588 1355 722 1418 ristona
750 1357 885 1435 primurn
915 1355 983 1430 roo
1014 1333 1095 1436 opus
1117 1361 1180 1428 en,

102 1481 146 1542 pua
179 1461 285 1542 lingua
316 1461 491 1524 vernacula
537 1479 590 1522 res
624 1480 752 1523 suorum
790 1461 988 1542 popularium
1020 1461 1184 1524 enarravit

101 1573 226 1650 aerlptor.
283 1567 486 1642 Gravissimi
504 1573 657 1632 momenti
686 1577 755 1642 est,
791 1576 883 1650 quum
915 1577 947 1630 et
977 1569 1055 1649 ipsis
1087 1568 1183 1630 rebus

51 1694 52 1700 ¹
101 1682 248 1740 memoriae
279 1678 410 1759 preditis
439 1678 630 1758 interfuerit,
661 1687 694 1742 et
721 1699 778 1741 eas
801 1697 872 1741 cum
896 1678 959 1742 ilde
982 1673 1014 1741 e't
1036 1678 1183 1740 veritatis

98 1784 181 1846 studio
211 1784 409 1864 exposuerit.
453 1785 522 1846 ltltsi
546 1785 678 1846 multum
704 1786 796 1846 abest
818 1803 837 1845 a
859 1785 992 1846 summis
1016 1782 1180 1846 historiam

48 1956 49 1959 ,
99 1891 233 1953 scribendi
258 1891 453 1972 generibus,
485 1889 738 1973 ,',pragmatico“·
757 1895 881 1955 scillcet
904 1901 935 1953 et
959 1884 1183 1973 „philosophi-

49 2024 50 2049 t
85 1999 156 2078 von“,
176 2007 285 2080 tumen
298 2001 428 2062 leuiore
449 2002 747 2062 commentariorum
761 2002 957 2082 diogenem,
983 1999 1066 2082 qued
1085 1999 1182 2079 „md-

101 2107 215 2170 noires“
237 2109 454 2190 Francogulli,
476 2105 714 2189 „ricordanze“
737 2109 806 2168 ltali
825 2109 995 2188 appellant,
1018 2108 1180 2173 excelluit.

48 2248 52 2320 j
100 2216 152 2278 Non
171 2237 294 2300 magna
320 2216 445 2300 quidem
469 2235 522 2278 ars
544 2217 681 2280 cernitur
709 2217 739 2276 in
767 2215 826 2294 iis,
856 2235 960 2296 neque
988 2215 1180 2297 imaginibus

47 2332 49 2392 ἵ
95 2327 202 2402 poeticis
223 2327 336 2404 referti
359 2335 453 2405 sunt,
468 2325 794 2406 ,Francogellicorum
820 2309 919 2386 nostri
942 2325 1015 2386 aevi
1037 2323 1179 2406 scripto·

49 2486 50 2497 ,
97 2451 144 2496 nn
169 2433 285 2514 mode,
316 2436 456 2498 attamen
485 2431 684 2494 delectemur
704 2433 848 2495 oratione
869 2431 941 2494 eius
962 2431 1096 2514 simplici
1118 2453 1179 2498 nec

94 2541 187 2618 botta.
233 2545 417 2626 Tamquam
441 2541 603 2606 Homerici
625 2541 731 2604 illidii
754 2541 934 2617 ethereas,
956 2541 1058 2604 duces
1080 2561 1178 2604 exer-

93 2651 156 2711 citus
174 2651 418 2734 Freneogallici
447 2650 537 2712 uobis
563 2657 639 2710 onte
670 2649 780 2709 oculos
812 2647 1043 2726 obversentur,
1075 2650 1177 2711 eollo·
1249 2689 1254 2698 =

92 2766 204 2833 quentes
221 2759 311 2819 inter
325 2775 362 2820 se
377 2765 409 2819 et
429 2755 469 2818 de
492 2762 623 2816 conatus
644 2753 693 2814 sui
718 2750 933 2834 magnitudine
952 2751 1179 2818 deliberantes.

87 2863 144 2942 lpse
163 2884 242 2929 sese
265 2866 449 2947 loquentem
471 2872 504 2925 et
525 2869 674 2943 agentem
690 2861 820 2937 inducit,
839 2861 1015 2924 Caesarem
1028 2864 1178 2946 imitatus,

88 2979 110 3031 at
126 2991 188 3036 cum
213 2974 536 3065 modestia-magnus
559 2991 612 3034 res
634 2991 653 3034 u
677 2991 714 3034 se
735 2974 871 3056 suisque
885 2982 1000 3056 gestus
1021 2973 1175 3060 depingit,

85 3081 175 3158 quibua
185 3079 302 3146 Caroli
314 3092 346 3144 et
355 3079 527 3142 Alexandri
540 3080 758 3160 expeditiones
768 3081 934 3143 inferiores
943 3083 1047 3146 luisse
1059 3083 1173 3148 Raim-

86 3186 174 3251 ialdus
184 3191 241 3252 ille
255 3191 441 3272 Vaqueiras
453 3187 626 3270 praedicat.
651 3189 753 3266 Quom
769 3191 797 3249 si
813 3209 883 3251 cum
897 3190 1030 3270 Niecta,
1045 3187 1176 3254 Graeco

83 3294 201 3360 eiusdem
226 3301 279 3362 rei
299 3302 468 3380 scriptore,
490 3297 725 3374 contulerimus,
750 3305 791 3374 et,
817 3305 887 3358 uter
902 3277 1175 3361 accommodatius

84 3400 112 3462 nl
127 3415 279 3470 naturam
298 3408 472 3488 scripserit,
494 3403 812 3494 interrogaverimus,
834 3405 1073 3469 Villelrarduina
1085 3395 1175 3473 certe

82 3521 165 3572 nostro
187 3515 308 3593 pelme
330 3511 505 3574 debebitur.
528 3511 603 3594 Qui,
622 3515 771 3594 quamvis
794 3531 897 3596 neque
918 3515 1041 3596 ingenti
1063 3515 1177 3579 llorout

80 3615 255 3698 eruditione,
285 3627 319 3681 et
340 3619 467 3681 militem
490 3635 617 3700 semper
628 3619 736 3682 audire
744 3619 928 3691 uideamur:
952 3630 1056 3700 tamen
1080 3622 1175 3686 vivus
1285 3667 1298 3692 .

81 3729 101 3781 et
120 3725 297 3808 iuvenilis,
330 3727 364 3787 si
389 3726 488 3788 verbo
520 3727 564 3788 uti
593 3728 690 3806 licet,
723 3745 830 3789 sermo
853 3727 923 3789 eius
947 3729 1047 3804 multo
1069 3729 1175 3840 magis

79 3847 127 3894 eun
148 3835 285 3898 lectori
300 3832 514 3918 commendat,
536 3851 628 3917 quam
651 3829 791 3894 Nicetae
813 3833 995 3898 obscurum
1007 3845 1039 3899 et
1058 3833 1174 3919 copid-

80 3933 291 4004 insumendi
323 3959 437 4022 genus.
481 3938 615 4003 Omnino
648 3940 808 4020 discrepat
837 3943 966 4005 nativus
989 3945 1058 4007 eius
1081 3946 1174 4028 vigor

78 4053 97 4102 at
115 4049 216 4125 pietas
243 4068 324 4112 cum
348 4049 452 4132 longis
476 4046 596 4110 Graeci
624 4047 906 4112 declamationibus
935 4059 969 4114 et
997 4054 1080 4114 omni
1111 4055 1173 4116 ista

80 4145 249 4218 bunciana
277 4154 496 4236 amplitudine,
518 4173 600 4236 quae
623 4156 842 4220 intereuntium
859 4158 1019 4228 nationum
1030 4161 1170 4242 scripto

78 4255 138 4322 ribos
159 4265 306 4343 propria
328 4260 457 4325 videtur
480 4279 564 4326 essa.
578 4257 738 4323 iuvenem
763 4265 854 4343 quasi
875 4273 907 4326 et
928 4273 1039 4330 sonem
1062 4271 1170 4338 cerni,-
