2970 5078
639 471 955 574 'arr-

301 694 497 778 oonquistris.
541 697 691 758 Attamen
725 695 803 756 alios
835 696 950 769 fontes,
984 695 1074 757 nobis
1096 697 1233 777 ignotos,
1254 695 1385 776 qui'lor·

301 812 391 866 tasse
408 801 519 865 eodem
539 803 778 864 continebantur
792 801 915 878 codiee,
928 803 1091 864 Dorotbeo
1103 803 1143 864 ad
1158 821 1269 864 marrus
1285 801 1387 878 foisse,

303 931 344 972 ex
366 932 404 972 eo
427 911 630 985 oouiieimus,
656 910 739 991 quod
755 910 795 972 de
819 913 918 992 Argis
942 920 974 972 et
998 912 1178 992 Nauplion
1201 911 1388 986 it'runoogal-
1453 965 1454 980 ,

302 1019 340 1083 lis
362 1019 402 1082 ad
426 1019 570 1082 Venetos
592 1021 752 1081 translatis
777 1019 926 1082 nonnulla
950 1024 1121 1081 memoriae
1142 1018 1293 1098 prodidit,
1312 1036 1388 1097 quaa

303 1147 374 1190 oum
397 1126 548 1190 chronici
570 1125 650 1188 illius
674 1127 883 1201 enarratione,
904 1127 1008 1206 inepte
1031 1135 1131 1200 certo,
1153 1127 1330 1188 connexuit.

406 1231 611 1295 E'Dorothei
634 1253 731 1313 opere
751 1251 808 1294 seu
841 1233 950 1294 codiee
981 1241 1134 1314 excerpta
1162 1231 1318 1296 videntur
1333 1233 1388 1310 illa,

307 1361 389 1425 quae
411 1340 648 1402 Matthaeus
672 1339 831 1420 Cigala
853 1344 884 1400 iu
908 1339 1040 1401 historia
1056 1357 1131 1418 sua,
1154 1340 1282 1421 vuigoni
1296 1340 1389 1422 lingon

236 1507 238 1512 .
304 1448 433 1513 Graeca
453 1449 584 1527 scripta,
617 1447 756 1527 protulit,
788 1465 879 1526 quam
905 1447 1214 1510 historiamrrouuisi
1237 1469 1278 1510 ex
1299 1467 1390 1522 antro·

303 1557 474 1620 tationibus
505 1555 544 1616 ab
577 1556 695 1618 Allatio
723 1555 764 1618 ad
799 1555 1012 1636 Acropolitam
1040 1554 1172 1618 adieetis
1196 1557 1332 1634 novi¹);¹
1361 1563 1389 1616 et

306 1665 452 1726 Meleti
465 1683 483 1724 u
496 1682 512 1726 s
535 1664 587 1726 ille
601 1659 641 1743 ²),
665 1663 873 1746 geographus
895 1664 1104 1725 recentiorum
1120 1661 1314 1726 Graeeorum
1328 1663 1389 1722 ola·
1456 1719 1457 1746 1

304 1773 457 1846 rissimus,
473 1788 681 1854 qrraeounque
705 1769 745 1832 de
769 1770 962 1857 Franeorum
985 1771 1015 1830 iu
1028 1768 1166 1834 Graecia
1177 1769 1388 1858 dominantium
1455 1757 1457 1792 ³

304 1879 439 1942 historia
460 1880 559 1940 variis
582 1879 660 1940 loeis
684 1880 861 1958 enarravit,
883 1898 921 1941 ea
945 1899 987 1940 ex
1007 1881 1169 1942 Dorotheo
1193 1890 1301 1942 nostro·
1318 1879 1388 1940 hau-

1457 1963 1458 1984 l

307 1989 393 2051 sisse
414 1987 558 2049 videtur..

388 2101 454 2162 lam
477 2117 556 2160 vero
577 2099 617 2162 ad
644 2100 737 2162 huius
758 2101 875 2162 aetatis
897 2110 1101 2162 monumenta
1124 2097 1366 2183 progrediamur.

734 2341 1003 2354 m

410 2542 413 2550 ¹
456 2520 789 2581 B.hlouumenta.
1164 2575 1168 2580 .

391 2629 511 2704 Quibus
532 2628 561 2688 iu
585 2625 791 2709 reeeuseudis
805 2627 938 2706 primum
961 2627 1088 2689 obortas
1109 2647 1127 2688 a
1151 2627 1282 2690 duoibus
1302 2623 1390 2686 Athe·

313 2759 421 2804 narum
443 2739 579 2817 seriptas
595 2736 646 2796 vel
664 2735 703 2796 ud
719 2752 784 2796 reos
800 2735 1281 2814 pertinentes-enumerubimus,r
1294 2726 1392 2810 deinde
1460 2739 1461 2760 ³

313 2849 354 2912 de
375 2848 500 2930 legibus
524 2849 553 2906 in
576 2841 955 2908 Graeciamintroductis
978 2860 1080 2921 panea
1095 2841 1248 2922 dicemus,
1272 2839 1392 2918 denique

312 2953 411 3016 aedes
433 2961 475 3017 et,
488 2960 642 3029 monetas,
666 2968 750 3031 quae
773 2948 845 3010 huie
864 2951 986 3026 primae
1001 2947 1098 3010 aetati
1111 2947 1229 3013 debent
1242 2948 1391 3030 originem,
1460 2985 1461 2988 ,

309 3058 636 3128 commemorabimus,
1292 3111 1295 3116 ¹

351 3151 353 3161 ¹
394 3169 521 3232 0ttonis
552 3163 689 3246 quidem,
724 3162 916 3223 Athenarum
946 3159 1035 3240 primi
1076 3159 1205 3242 domini,
1237 3162 1393 3252 oborta-s

312 3286 442 3340 exstare
464 3275 629 3337 nonrrullas
649 3275 678 3334 in
702 3263 842 3333 arohiuio
869 3272 1090 3332 lilarmieriauo
1107 3269 1290 3332 lluolronius
1313 3283 1394 3328 asse·

314 3382 427 3462 ruiti),
450 3401 576 3465 qtrarum
590 3401 651 3442 una
663 3381 808 3441 abbatiae
822 3378 1022 3440 Bellaevallis
1034 3388 1168 3439 sanetae
1197 3380 1298 3442 crucis
1309 3373 1395 3457 parti·

313 3494 418 3559 auiam
438 3492 560 3567 tribuit3
581 3489 638 3550 sed
663 3488 745 3548 nulla
767 3488 929 3568 hueusque
952 3487 1086 3570 vulgata
1106 3495 1165 3548 est.
1191 3484 1391 3549 Nihilominus

315 3603 385 3666 aliis
407 3601 526 3665 chartis
542 3615 593 3659 res
610 3595 677 3658 eiua
693 3597 809 3676 optime
825 3597 1025 3658 illustrantur.
1063 3593 1303 3659 lnnoeentii
1324 3586 1394 3651 anim

309 3778 552 3792 ——u—-—-—

333 3921 363 3988 l)
381 3924 469 3972 Notae
487 3919 582 3970 Allatii
600 3921 632 3968 ad
653 3915 781 3979 Aeropol.
800 3931 823 3980 p.
835 3915 887 3963 221
910 3914 950 3962 ed.
964 3915 1067 3966 beon:
1085 3881 1240 3962 Dorotheus
1251 3937 1349 3965 .......
1366 3901 1395 3955 th

381 4013 443 4078 „uui
461 4011 495 4062 ab
513 4025 546 4062 eo
564 4010 736 4074 exscripslt“‚
758 4007 908 4059 Matthaeus
918 4003 1025 4070 (ligula
1044 4006 1069 4054 in
1088 4005 1203 4067 synopsi
1222 3998 1353 4053 historiae.
1370 4013 1395 4026 -

381 4104 458 4153 ltdlta
476 4103 641 4152 essoitertur
661 4101 788 4151 venetiis.
812 4101 894 4160 liidie
910 4098 938 4146 4.

329 4197 360 4258 Β)
380 4196 508 4243 Μολειίου
527 4197 664 4260 γεωγραφιά
681 4190 776 4243 παλαιοὶ
793 4197 833 4242 καὶ
850 4191 902 4243 νὲα.
917 4189 1062 4254 Ἑνειίῃσιν.
1084 4188 1164 4240 1728.
1186 4189 1234 4240 lul·

324 4289 355 4344 ³)
374 4285 409 4335 el.
431 4282 553 4360 Χρονικόν
574 4287 617 4335 τοῦ
633 4287 709 4351 Μωρ.
728 4284 768 4334 od.
788 4286 807 4336 l.
826 4299 850 4347 p.
872 4285 934 4337 120.
953 4297 979 4338 n.
999 4285 1093 4345 83‘ed.
1114 4279 1137 4331 ll
1168 4297 1191 4344 p.
1211 4281 1256 4330 37.
1275 4281 1297 4326 b·
1315 4283 1339 4322 ὓ.
1357 4267 1382 4312 ³·
