2970 5078
746 508 954 570 ..pp-

299 688 470 751 tellexisse
493 697 547 749 aut
568 686 659 748 effari
678 706 739 749 non
760 688 906 768 potuisse
928 685 1087 770 videntur,
1107 705 1237 770 prorsus
1252 687 1406 752 immuta·

302 801 387 872 runt,
409 801 442 854 et
463 793 552 873 ipsas
573 809 627 854 ros
648 785 994 874 Franco-Byzantinus
1016 793 1098 856 aden
1112 793 1336 872 contuderunt,
1359 803 1407 870 ut,

301 901 329 961 si
353 900 425 962 eliis
447 899 586 960 lontibus
603 897 745 960 destituti
765 916 926 979 essemus,
948 899 1088 964 indicere
1101 899 1141 962 de
1163 903 1201 963 iis
1216 902 1270 964 vix
1286 897 1407 966 liceret.

302 1007 428 1070 Etenim
467 1005 527 1087 ipsi
554 1005 808 1086 Peloponnesum
838 1014 871 1066 et
897 1007 1034 1088 reliquas
1065 1004 1224 1074 Graecina
1253 1008 1408 1089 regiones

308 1114 591 1196 Francugellcrum
619 1112 822 1176 dominationi
849 1115 994 1180 subditas
1025 1117 1081 1178 vix
1101 1118 1256 1192 adierunt,
1290 1127 1409 1199 quarn-

302 1221 412 1284 obrem
445 1222 486 1284 uil
521 1219 640 1282 referre
668 1220 883 1298 poterentnde
906 1223 966 1284 illis
986 1221 1147 1287 Graeciae
1172 1225 1320 1305 partibus,
1345 1224 1408 1286 nisi

300 1349 392 1412 quoe·
405 1331 445 1392 ab
459 1330 530 1392 aliis
546 1327 703 1392 audiendo
717 1339 927 1409 acceperuut3
950 1329 980 1391 id
992 1329 1076 1411 quod
1087 1329 1126 1393 de
1141 1331 1286 1392 omnibus
1300 1331 1408 1394 t'ran-

302 1442 393 1503 cicee
415 1440 530 1502 aetatis
552 1439 756 1522 Byzantinis,
781 1447 916 1520 excepto
935 1433 1100 1502 l’bruutue
1120 1439 1171 1502 illo
1201 1447 1232 1500 et
1261 1437 1409 1500 Chalco-

302 1548 451 1629 contlyla,
486 1546 653 1610 dicendum
684 1557 746 1612 est.
790 1548 955 1629 Perpenna
981 1547 1077 1628 igitur
1099 1546 1129 1607 in
1155 1545 1192 1607 iis
1213 1545 1412 1621 invenimus,

301 1674 385 1734 pirae
405 1651 445 1716 ad
466 1653 611 1716 Athenas
634 1653 819 1734 respiciant,
842 1654 950 1715 urbem
972 1653 1011 1716 eb
1033 1671 1116 1716 anno
1141 1653 1222 1716 1205
1250 1652 1295 1728 an,
1317 1653 1409 1714 'lur-

301 1777 408 1824 curum
437 1776 540 1840 nsque
569 1767 711 1839 tempora
741 1776 866 1839 semper
895 1757 951 1818 ab.
968 1755 1219 1827 occidentalibus
1253 1755 1411 1843 gentibus

301 1883 507 1948 possessam,
540 1865 738 1946 eandemque
767 1865 806 1926 ob
835 1881 965 1927 censum
993 1867 1090 1928 liceat
1121 1865 1195 1927 milri
1231 1864 1406 1946 perpaucis

301 1983 422 2036 tontum
445 1972 553 2036 verbis
579 1971 619 2032 de
647 1972 686 2033 iis
716 1971 926 2051 scriptoribus
952 1971 1050 2053 loqui,
1074 1975 1128 2052 qui
1149 1971 1189 2034 de
1208 1971 1410 2058 Athenarum

304 2081 433 2143 historia
454 2081 506 2142 illa
527 2077 643 2159 aliquid
665 2079 850 2160 retulerunt.
892 2075 958 2138 Serl
981 2079 1164 2160 prinsquam
1185 2076 1225 2140 erl
1254 2078 1406 2160 singulos

301 2185 395 2248 buius
417 2184 533 2247 aetatis
554 2187 738 2264 scriptores,
761 2183 910 2245 Nicotnm
931 2201 1055 2262 nempe,
1080 2183 1315 2264 Acropolitnm,
1334 2185 1405 2245 Pa·

302 2291 502 2372 chymerem,
525 2285 718 2372 Gregornm,
742 2271 940 2352 'l'lreodulnm
965 2291 1163 2372 progredier,
1186 2289 1226 2352 de
1249 2283 1404 2352 editioni-

267 2387 383 2464 ’bus-
403 2399 502 2474 tribus
533 2397 758 2482 principalibus
784 2398 971 2478 scriptorum
1004 2397 1123 2460 illorum
1161 2411 1277 2478 pauca‘
1298 2415 1406 2478 expo-

303 2523 386 2569 nam.
441 2505 614 2584 Postquam
638 2501 755 2564 'rerum
794 2502 1041 2584 Byzmrtinarum
1073 2505 1246 2586 scriptores
1282 2505 1335 2577 ulii
1364 2504 1408 2566 ab

304 2616 375 2680 aliis
395 2615 456 2677 elin
477 2624 621 2694 ternpore
638 2611 762 2692 vulgati
785 2619 872 2686 sont,
892 2611 1024 2690 primum
1039 2609 1346 2692 illorum.„Cnrpnsn
1365 2614 1406 2690 ¹),

301 2724 460 2788 Ludovici
483 2722 574 2786 XlV.
591 2721 752 2802 auspiciis,
778 2719 919 2800 Philippo
938 2719 1088 2782 lrabbaeo
1108 2719 1159 2780 illo
1174 2715 1402 2802 praecipiente,
1476 2787 1477 2808 ἶ

302 2852 386 2895 anno
410 2829 491 2892 1615
513 2831 687 2891 institution
711 2835 771 2889 est.
815 2825 888 2902 Quo
911 2828 941 2888 in
964 2845 1061 2912 opere
1082 2825 1275 2908 perficiendo
1308 2825 1406 2888 adin·
1476 2817 1477 2847 ¹

295 2947 423 3002 'verunt
452 2955 524 2999 eum
562 2937 734 3010 llabrotus‚
762 2937 962 3017 Ducangius,
997 2934 1148 3018 Guarius,
1177 2935 1409 3016 Combeflrius,

303 3047 474 3121 Possinus,
497 3043 649 3123 Allntius,
669 3041 858 3118 Rundanas,
885 3041 1050 3118 Boivinus,
1070 3041 1133 3117 ulii,
1160 3042 1212 3123 qui
1232 3039 1408 3104 arlaunurn

306 3152 382 3216 1711
406 3167 498 3234 opus,
521 3149 564 3212 36
586 3147 796 3211 voluminibus
821 3148 1017 3228 absolutum,
1031 3147 1267 3213 continuerunt.
1301 3150 1409 3211 Sum-

278 3321 283 3330 ,
302 3275 432 3344 mopere
453 3258 540 3318 viros
555 3255 851 3318 illos'dnctissimos
868 3257 962 3316 nixos
974 3266 1049 3315 esse
1063 3253 1193 3330 scimus,
1214 3263 1252 3316 'nt
1273 3261 1305 3316 et
1325 3261 1409 3318 tex-

302 3377 356 3426 tus
377 3363 471 3427 valde
493 3372 658 3444 corruptos
682 3383 701 3424 e
730 3361 911 3425 melioribus
939 3362 1104 3426 codicibus
1134 3363 1337 3426 restituerent
1371 3374 1408 3426 ct
1474 3347 1475 3404 l

301 3471 426 3534 butlnis
450 3468 648 3531 versionibus
670 3485 730 3530 nec
752 3489 813 3547 nnn
835 3469 1090 3532 annotationibus
1113 3469 1240 3552 optimis
1261 3468 1407 3533 illustra·

302 3589 384 3652 rent,-
405 3577 508 3640 Multa
522 3595 613 3664 porro
625 3576 788 3654 opusculo,
805 3585 900 3640 antea
913 3576 1039 3654 inedita,
1058 3577 1191 3658 primum
1207 3577 1291 3653 hoc„
1316 3576 1406 3640 Cor·
1473 3637 1474 3646 ,

304 3686 404 3770 pore“
428 3687 611 3768 vulgarunt,
633 3683 714 3766 quod
736 3705 832 3765 opus,
856 3685 895 3761 si,
914 3683 1018 3767 qualis
1038 3691 1106 3748 tum
1134 3684 1288 3764 temporis
1310 3683 1410 3748 fuerit
1473 3669 1474 3692 ¹

304 3797 417 3856 artium
446 3793 692 3873 litterarumque,
720 3791 874 3872 imprimis
905 3799 938 3853 et
959 3789 1110 3854 historiae
1130 3799 1163 3852 et
1184 3789 1314 3852 critices
1332 3779 1408 3854 sta·

324 4067 352 4132 1)
370 4065 474 4133 Gnrpur
491 4071 652 4134 rcrtptornm
670 4073 800 4126 blstnrtne
822 4068 995 4140 ttyirmunre
1013 4079 1056 4156 et.
1076 4073 1193 4128 Partstlr.
1214 4073 1406 4126 1046-1711.

235 4217 238 4224 ¹
373 4161 410 4208 86
428 4157 502 4208 Voll.
520 4159 587 4225 tcl.;
604 4163 644 4212 erl.
655 4163 781 4214 Veustlls.
801 4159 991 4217 libb—lm
1009 4168 1046 4225 bb
1057 4163 1133 4245 lloll.
1146 4161 1205 4227 toln
1221 4165 1264 4214 et.
1283 4163 1406 4216 Bonane.
1471 4199 1472 4234 3

370 4247 567 4302 teus-tote,
580 4252 617 4302 411
637 4252 708 4304 volt.
724 4255 751 4304 8.
