2970 5078
14 709 15 716 '
90 733 154 776 nos
176 713 218 774 ibi
243 721 415 795 regnantes
439 722 587 775 recenset
609 723 641 775 et
670 714 881 796 urbes‚'quae
911 715 940 776 in
964 715 1189 779 catelanoru'm

91 826 243 890 ditionem
257 833 346 884 erant
356 823 516 902 rerlnotae,
527 831 692 884 enumerat
706 827 746 900 ¹),
760 825 944 905 quoeodem
954 824 1188 886 louorleofiini·¹

91 941 160 993 iate
177 932 218 992 ab
239 949 346 993 eorum
363 930 540 991 mariscallo
556 947 624 990 cum
642 927 771 992 Graeca
782 931 831 990 illa
846 939 944 1012 gente
958 931 1187 1006 Melisseua¹)‚

88 1061 174 1124 quae
205 1051 237 1102 et
266 1039 448 1100 Messeniae
472 1047 505 1099 et
527 1036 661 1099 Plrocidi
683 1037 868 1116 imperabat,
891 1045 1058 1098 contracta
1087 1037 1188 1099 verbe

87 1149 174 1209 iacit.
204 1143 421 1228 Quaecunque
445 1165 522 1207 vero
538 1147 708 1220 enarravit,
729 1145 793 1207 iirle
814 1145 910 1227 digne
925 1163 1003 1209 esse
1026 1145 1184 1226 videntur,

90 1275 185 1336 quum
208 1263 240 1318 et
262 1255 331 1334 ipse
353 1251 524 1317 Graeciam
547 1255 768 1336 peragraverit
791 1263 822 1314 et
843 1255 894 1316 ilia
917 1272 953 1314 se
975 1270 1032 1335 per
1060 1251 1187 1336 „bomi7

12 1401 14 1444 3
93 1383 168 1424 nere
192 1361 254 1424 lide
275 1363 407 1442 dignum
437 1371 470 1424 et
500 1360 648 1437 sciolum,
680 1363 735 1440 qui
762 1361 852 1420 venit
877 1359 919 1421 de
939 1361 1188 1442 Negreponte“,

12 1445 13 1450 ἵ
88 1469 288 1550 comperisse
318 1469 468 1532 declaret.
519 1468 657 1529 Nomina
687 1465 814 1548 quidem
836 1464 1034 1530 Graecarum
1065 1467 1185 1530 urbium

89 1578 121 1638 iu
155 1575 375 1656 Bougersiaua
408 1575 543 1636 editione
580 1573 675 1636 valde
708 1570 889 1636 deformata
924 1593 999 1637 esse
1022 1575 1186 1658 ¹ripparet,

91 1691 234 1746 attamen
257 1683 423 1744 restituere
445 1701 483 1742 ea
500 1701 562 1742 neu
579 1680 705 1744 difficile
717 1690 785 1758 θεὶς
806 1665 914 1764 itaque
925 1663 1007 1743 aune
1026 1682 1105 1745 tero
1120 1683 1195 1746 Ca·'

90 1790 218 1850 telones
239 1787 465 1859 iufllressalia
486 1787 765 1868 tenuissepraeter
787 1784 984 1850 Gardiirinet
1004 1771 1186 1866 Zeitunem,

88 1897 189 1958 urbes
210 1915 230 1957 a
252 1895 370 1986 loanne
393 1895 417 1961 l.
434 1895 560 1974 Angeia
584 1893 724 1958 Guidoui
749 1899 786 1961 ΙΙ.
799 1915 984 1978 concessas,
1007 1907 1038 1958 et
1052 1899 1185 1983 Neope-

89 2005 183 2064 triem
207 2011 240 2064 et
263 2002 468 2082 Liderioium,
493 2002 751 2078 siderearum,
772 2005 968 2078 Domeciaco,
997 2003 1187 2069 Pharsalum

83 2113 222 2190 scimus3
246 2111 450 2192 quamobrem
474 2119 582 2172 nostro
605 2112 700 2172 etiam
723 2117 867 2190 tempore
897 2112 1093 2191 Neopatriae
1124 2109 1186 2172 (lu-

85 2227 178 2280 ceius
201 2218 291 2281 titulo
314 2235 409 2297 reges
434 2216 609 2298 Hispaniae
629 2217 812 2297 gloriantur.

170 2345 433 2410 llroebordus
456 2340 760 2417 Aiemnnnuse)
784 2339 983 2418 (l’Aleman),
1009 2341 1185 2405 Praedica-

92 2466 193 2517 torum
216 2453 315 2514 ordini
337 2451 494 2527 addictus,
518 2439 694 2530 Sanutique
714 2449 873 2530 aequalis,
894 2450 1018 2532 eadem,
1034 2469 1115 2532 quoe
1136 2451 1189 2512 ille

86 2580 192 2642 pepae
215 2570 437 2642 proposuerat,
470 2559 614 2639 Philippo
648 2560 715 2636 Vl,
739 2561 980 2648 Franccgalliae
1001 2563 1082 2642 regi,
1105 2579 1189 2624 anno

92 2667 176 2731 1³³2
197 2666 439 2730 commendavit.
476 2665 576 2726 Cuius
598 2667 718 2742 librum,
730 2668 844 2728 Latino
858 2686 1006 2730 sermone
1024 2655 1186 2748 scriptum,

88 2777 220 2856 saepius
242 2775 359 2838 editum
383 2775 498 2843 esse⁴i
512 2774 650 2851 scimus3
673 2775 879 2836 cuiusversio
894 2771 1139 2858 Franoogellieo
1154 2776 1186 2856 ⁵)

90 2903 110 2944 a
139 2886 260 2946 loanne
296 2885 442 2946 Mielotio
487 2885 575 2946 iussu
606 2883 742 2964 Philippi
763 2885 814 2963 ΙΙ.,
846 2876 1051 2968 burgundiae
1082 2883 1185 2964 ducis,
1228 2917 1233 2922 ·

85 2996 205 3071 optime
226 2993 376 3070 institute,
401 3011 497 3072 quum
523 2991 693 3056 adraanus
716 2992 789 3054 mibi
808 2992 887 3054 baec
908 2991 1055 3054 scribenti
1078 2992 1182 3071 luerit,

85 3099 127 3160 ad
150 3118 221 3174 eam
243 3099 395 3180 delegare
423 3100 524 3163 liceat.
569 3093 713 3161 Maxima
743 3099 824 3161 euim
853 3117 925 3160 curn
960 3099 1122 3180 diligentia
1152 3109 1185 3161 et

82 3204 298 3268 tortitudinem
336 3214 367 3266 et
395 3207 566 3292 potentiam
597 3203 822 3268 Catelauorum
855 3203 1022 3285 descripsit
1034 3205 1075 3280 ο),
1104 3221 1185 3286 quos

101 3517 204 3580 1)1.1.
224 3519 308 3581 Epist.
328 3519 376 3571 lll.
396 3535 419 3582 p.
437 3522 503 3575 292.

102 3609 134 3672 2)
153 3611 188 3662 ei.
208 3611 307 3660 Plecoli
324 3613 402 3662 cenni
420 3613 515 3662 aterio!
532 3612 582 3663 sol
599 3613 748 3663 Mellsinos.
767 3614 837 3665 Pisa.
859 3616 938 3665 iseo.
958 3617 985 3664 8.

98 3703 131 3760 8)
149 3705 184 3752 ot.
203 3705 221 3754 Ι.
240 3707 273 3753 Δ.
292 3705 409 3754 Fabricii
426 3705 592 3756 llibliotbeoa
610 3707 695 3758 letina
713 3717 764 3758 etc.
782 3707 934 3770 Humburgi.
954 3705 1028 3756 1734
1038 3720 1078 3770 sq.
1102 3707 1132 3756 Τ.
1145 3701 1181 3756 ll·

152 3808 178 3856 p.
197 3796 264 3844 778.
292 3804 296 3810 ’
448 3839 449 3848 .

100 3883 133 3942 4)
153 3889 189 3934 et.
208 3883 325 3947 Gryeaei
344 3887 488 3950 descriptio
506 3888 581 3946 orbis
601 3890 644 3940 ed.
661 3889 686 3938 le
706 3886 795 3938 Glerc.
817 3888 852 3936 17
870 3888 899 3936 7.

100 3975 131 4037 ὁ)
149 3973 234 4023 Adule
258 3975 369 4024 directii
385 3989 452 4036 pour
476 3977 544 4027 inire
567 3977 595 4026 le
623 3989 739 4040 passage
756 3973 962 4040 ri’Oultrerner,
984 3990 1033 4037 par
1057 3976 1083 4026 ie
1099 3973 1184 4042 {frere
1267 4017 1271 4023 .

149 4067 296 4127 brochon,
322 4066 362 4114 in:
391 4065 750 4128 Reiffeubergiitonumeuts
774 4079 843 4126 pour
860 4065 950 4116 servir
966 4060 983 4116 ia
1000 4067 1131 4116 l'bistoire
1149 4069 1181 4114 de

148 4158 252 4209 Naurur
269 4165 323 4210 ete.
342 4157 372 4206 Τ.
394 4155 441 4206 lv.
459 4171 483 4218 p.
504 4159 657 4209 227-311.

98 4247 131 4311 6)
150 4246 195 4298 lib.
216 4246 235 4298 l.
255 4263 279 4310 p.
297 4247 332 4298 ll.
351 4252 377 4297 5.
396 4249 434 4312 (p.
452 4250 537 4313 247„
555 4264 580 4310 p.
601 4248 647 4303 Vl.
668 4252 693 4314 1,
712 4254 737 4300 ³.
758 4250 794 4311 (p.
814 4252 960 4300 272-278
978 4257 1006 4300 et
1021 4250 1101 4313 275).
